4706 6078
2498 613 2597 706 '24

853 857 1057 925 mium
1115 855 1456 924 suffectum
1523 873 1666 922 esse
1729 849 1906 922 dicit.
2015 853 2444 948 optimatium
2499 868 2715 926 sutem
2778 858 2877 926 ira
2933 863 2999 924 et
3054 855 3464 924 exacerbatio
3482 906 3502 939 ,
3562 873 3732 945 quse
3800 855 3933 922 ism
3982 858 4236 946 perlata

855 970 1005 1058 lege
1082 967 1344 1058 agraria.
1404 975 1472 1034 et
1543 965 1816 1037 Octavio
1883 988 2152 1035 munere
2227 977 2481 1038 remoto
2535 970 3543 1052 vehementissimeiexarserant,
3628 967 3863 1034 mirum
3920 979 4237 1058 quantum

857 1093 1198 1150 creverunt
1237 1079 1591 1149 triumviris
1637 1080 1892 1164 creatis,
1937 1104 1976 1146 a
2006 1080 2262 1170 quibus,
2308 1105 2457 1152 oum
2498 1104 2721 1150 omnes
2764 1083 2928 1172 legis
2974 1093 3269 1150 auctores
3310 1081 3417 1148 vel
3457 1103 3755 1149 suasores
3796 1091 4031 1166 essent,
4074 1082 4238 1149 nihil

861 1193 1341 1283 indulgentiae,
1401 1193 1564 1260 nihil
1605 1192 2064 1261 moderationis
2108 1195 2471 1286 exspectari
2509 1205 2751 1284 posset.
2837 1195 3108 1261 Minime
3150 1203 3365 1262 eutem
3406 1194 3642 1261 mirum
3685 1203 3817 1278 est,
3872 1204 3939 1260 et
3977 1195 4236 1283 plebem

864 1305 933 1372 in
976 1306 1132 1374 solis
1173 1307 1277 1375 his
1319 1305 1477 1374 viris
1520 1306 1714 1373 fidem
1755 1306 2080 1396 posuisse,
2145 1329 2308 1397 quos
2374 1307 2457 1375 ad
2500 1306 2980 1397 exsequendam
3020 1309 3233 1396 legem
3281 1314 3467 1395 aptos
3510 1315 3577 1373 et
3616 1315 3879 1396 paratos
3924 1305 4237 1392 crederet,

861 1427 928 1485 et
986 1419 1400 1511 optimatium
1468 1419 1538 1484 in
1609 1417 1942 1486 Tiberium
2027 1417 2246 1488 odium
2317 1429 2383 1486 et
2444 1417 2844 1487 inimicitiam
2904 1442 2981 1487 eo
3060 1419 3271 1510 magis
3336 1428 3525 1485 aucta
3602 1441 3777 1503 esse,
3863 1418 4038 1508 quod
4100 1419 4232 1486 iam

866 1530 1169 1622 princeps
1230 1533 1417 1621 quasi
1475 1531 1882 1600 adversariae
1935 1531 2140 1620 partis
2189 1533 2457 1622 eiusque
2510 1532 2792 1601 victricis
2845 1531 3117 1621 prodiit3
3202 1531 3349 1598 vide
3390 1531 3673 1621 Appian.
3731 1530 3813 1598 de
3868 1533 4021 1599 bell.
4065 1533 4233 1600 civil.

856 1640 914 1726 Ι,
959 1643 1058 1710 13.
1144 1643 1278 1714 Sed
1321 1645 1402 1712 de
1461 1643 1824 1712 actionibus
1878 1643 2158 1730 Tiberii,
2244 1668 2411 1736 quae
2466 1645 2597 1712 iem
2654 1653 3045 1733 sequuntur,
3130 1663 3329 1733 quum
3383 1643 3646 1712 modum
3704 1644 3855 1711 huie
3908 1667 4227 1712 commen-

856 1756 1093 1823 tationi
1165 1778 1544 1825 eoncessum
1613 1755 2011 1846 transgressi
2071 1755 2269 1824 finem
2339 1761 2555 1825 facere
2628 1780 2973 1846 cogamur,
3068 1757 3343 1824 fortasse
3412 1757 3541 1824 alia
3611 1757 3832 1824 oblata
3892 1757 4231 1824 occasione

855 1867 1263 1936 disseremus.
