4706 6078
2161 601 2253 681 13

523 799 866 866 Tiberium
908 823 1040 866 non
1083 820 1224 864 esse
1265 807 1678 882 commotum,
1723 821 1854 862 non
1899 807 1998 862 est
2041 797 2216 885 quod
2257 797 2477 864 multis
2520 797 2735 862 verbis
2779 797 3317 882 demonstremus;
3362 799 3595 866 etenim
3619 799 3903 886 Tiberin,

527 934 727 1000 quum
784 912 934 978 trib.
980 912 1070 1000 pl.
1131 920 1384 977 creatus
1442 912 1656 998 legem
1713 910 2036 998 agrariam
2094 909 2330 991 ferret,
2400 909 2529 974 iam
2590 907 3025 996 compluribus
3087 910 3271 976 annis
3326 933 3409 978 ex
3470 912 3582 976 illo
3641 913 3901 980 foedere

523 1024 890 1112 praeteritis
931 1024 1106 1090 nihil
1147 1024 1278 1088 tale
1321 1022 1736 1088 metuendum
1782 1030 1938 1088 erat.

774 1134 1069 1224 Iniquius
1113 1135 1310 1200 etiam
1365 1143 1434 1202 et
1474 1133 1804 1220 indignius
1847 1131 2088 1200 iudicat
2127 1133 2258 1200 Dio
2304 1133 2539 1220 fragm.
2584 1135 2699 1216 34,
2755 1134 2836 1200 86
2851 1183 2870 1216 ,
2928 1132 3105 1198 cuius
3150 1133 3516 1200 auctoritati
3558 1134 3623 1200 in
3667 1134 3789 1202 hac
3828 1159 3899 1202 re

526 1248 864 1314 minimum
905 1247 1141 1314 tribuo.
1229 1246 1410 1312 Dicit
1451 1247 1620 1312 enim
1651 1243 2056 1328 Gracchum,
2103 1269 2250 1312 cum
2289 1269 2427 1310 non
2471 1268 2555 1312 ex
2597 1246 2834 1312 virtute
2878 1269 2953 1311 ac
2995 1243 3301 1328 veritate,
3346 1247 3460 1312 sed
3505 1257 3751 1312 temere
3796 1271 3907 1314 res

529 1358 868 1426 diiudicari
911 1369 1225 1443 cerneret,
1267 1369 1444 1424 metu
1487 1368 1550 1423 et
1593 1357 1816 1424 dolore
1859 1357 2136 1424 foederis
2179 1357 2565 1424 Numantini
2608 1369 2673 1424 et
2728 1367 2988 1423 senatus
3044 1357 3377 1424 inimicitia
3432 1359 3599 1424 hanc
3641 1359 3901 1446 quidem

526 1472 700 1550 viam
745 1472 992 1560 gloriae
1033 1481 1432 1559 tanquam
1476 1494 1760 1560 parum
1807 1479 2072 1535 tutam
2116 1470 2475 1558 reliquisse3
2522 1480 2801 1536 ceterum
2837 1492 3033 1557 quum
3063 1470 3417 1558 principem
3460 1471 3673 1536 locum
3718 1494 3901 1558 quo-

530 1607 850 1672 cunque
893 1584 1200 1650 demum
1241 1593 1486 1670 pacto
1531 1582 1788 1670 assequi
1829 1581 2327 1670 concupisceret,
2373 1581 2567 1670 idque
2592 1603 2709 1670 per
2736 1581 2991 1668 plebem
3034 1580 3287 1648 facilius
3330 1605 3525 1670 quam
3564 1605 3685 1670 per
3718 1605 3900 1648 sena-

527 1707 664 1764 tum
709 1710 1200 1762 consecuturum
1243 1718 1314 1760 se
1357 1705 1680 1783 speraret,
1744 1717 1786 1760 a
1822 1693 2118 1782 patribus
2161 1716 2308 1758 eum
2349 1693 2435 1758 ad
2488 1694 2743 1782 plebem
2810 1691 3176 1758 descivisse.
3260 1693 3605 1782 Appianus
3664 1695 3899 1782 quibus

527 1809 883 1876 rationibus
928 1808 1076 1874 Tib.
1123 1807 1206 1873 ad
1247 1808 1461 1893 legem
1518 1829 1698 1870 suam
1755 1806 2082 1892 agrariam
2137 1806 2451 1893 impulsus
2509 1806 2592 1872 sit
2657 1828 2791 1871 non
2850 1805 3071 1890 affert3
3156 1804 3267 1870 sed
3326 1807 3618 1894 exposita
3673 1807 3900 1874 tristis-

529 1921 694 1988 sima
735 1920 1134 2002 conditione,
1213 1919 1280 1984 in
1350 1939 1480 2006 qua
1535 1926 1672 1984 tum
1717 1916 1910 1982 Italia
1954 1927 2092 1982 erat
2105 1967 2124 2000 ,
2212 1918 2402 1984 facile
2459 1928 2675 2006 potest
2716 1918 3026 2007 perspici,
3108 1915 3231 1984 hac
3282 1919 3687 2006 potissimum
3746 1919 3898 1986 Tib.

531 2033 612 2100 ad
655 2056 760 2100 res
817 2032 1134 2120 gerendas
1175 2030 1520 2096 adductum
1567 2051 1728 2094 esse.

777 2143 1050 2212 Constat
1091 2143 1240 2208 inde
1269 2144 1350 2208 ab
1387 2140 1848 2230 antiquissimis
1890 2141 2286 2230 temporibus
2303 2142 2641 2208 Romanae
2684 2141 2879 2208 fuisse
2922 2141 3401 2209 consuetudinis
3447 2143 3750 2232 oppidum
3794 2145 3899 2210 vel

527 2258 840 2346 populum
885 2257 1081 2322 armis
1142 2255 1498 2322 subiectum
1553 2254 1746 2320 tertia
1789 2255 1932 2342 agri
1988 2263 2172 2342 parte
2227 2255 2560 2320 mulctare.
2645 2253 2775 2318 Hic
2828 2264 3041 2320 autem
3098 2277 3258 2352 ¹ager
3301 2265 3413 2320 aut
3451 2255 3741 2343 privatus
3786 2265 3901 2322 aut

527 2371 822 2459 publicus
865 2370 1004 2436 fieri
1047 2369 1298 2436 solebat
1339 2367 1710 2452 Romanus3
1781 2367 2079 2454 publicus
2136 2366 2188 2432 is
2249 2367 2630 2456 plerumque
2672 2366 2869 2432 fiebat
2912 2389 3101 2452 ager,
3159 2366 3270 2452 qui
3313 2367 3481 2432 bello
3527 2367 3899 2434 devastatus

529 2493 698 2568 erat3
763 2505 964 2572 quum
1005 2491 1218 2550 autem
1259 2479 1540 2546 Romani
1582 2479 1774 2544 bellis
1818 2480 1991 2545 bella
2035 2489 2481 2562 annecterent,
2535 2478 2677 2565 agri
2717 2479 2958 2566 publici
3002 2477 3355 2564 amplitudo
3400 2479 3686 2546 maxima
3728 2480 3900 2546 facta

530 2605 656 2681 est3
698 2594 846 2660 vide
889 2593 1062 2684 App.
1107 2593 1188 2658 de
1226 2593 1378 2658 bell.
1405 2591 1574 2658 civil.
1619 2589 1675 2676 I,
1719 2592 1778 2654 7.
1863 2590 2134 2658 Publico
2181 2601 2395 2658 autem
2441 2614 2621 2678 agro,
2666 2591 2777 2678 qui
2819 2591 3122 2656 manebat
3163 2590 3232 2655 in
3275 2589 3556 2656 dominio
3602 2591 3901 2676 civitatis,

530 2718 640 2776 aut
681 2707 749 2772 in
793 2709 1162 2774 universum
1204 2704 1485 2770 Romani
1525 2713 1833 2792 tanquam
1877 2705 2134 2791 pascuis
2177 2704 2527 2770 utebantur
2569 2711 2759 2790 (ager
2799 2709 3137 2790 pascuus),
3201 2712 3313 2770 aut
3352 2727 3395 2770 a
3436 2703 3707 2790 singulis
3750 2727 3899 2770 eum

529 2821 828 2908 occupari
868 2820 1296 2907 permiserunt
1338 2823 1522 2904 (ager
1569 2815 2068 2903 occupatorias).
2146 2814 2464 2904 Occupati
2508 2817 2651 2903 agri
2694 2815 3187 2904 appellabantur
3224 2817 3687 2904 possessiones,
3730 2839 3895 2905 quae

527 2955 858 3020 nunquam
917 2955 998 2997 ne
1055 2930 1434 3018 longissima
1492 2927 1754 3016 quidem
1805 2927 2178 3015 possidendi
2231 2928 2713 3010 continuatione
2766 2938 3064 3018 poterant
3120 2951 3159 2992 a
3209 2928 3477 3016 privatis
3530 2929 3898 2996 hominibus

527 3068 650 3111 usu
693 3045 836 3132 capi
877 3067 997 3109 nec
1039 3044 1106 3109 in
1147 3044 1434 3131 privatos
1480 3064 1674 3129 agros
1719 3042 2140 3125 commutari,
2205 3041 2320 3107 sed
2373 3041 2733 3131 proprietas
2775 3042 3250 3131 possessionum
3294 3064 3548 3130 semper
3588 3043 3899 3131 pertinuit

526 3156 608 3222 ad
678 3157 1032 3238 civitatem,
1110 3153 1588 3243 possessoribus
1660 3176 1782 3219 usu
1852 3162 2104 3219 tantum
2167 3175 2494 3220 concesso,
2620 3153 3069 3219 Possessiones
3137 3177 3269 3219 non
3324 3154 3766 3221 referebantur
3824 3156 3894 3221 in

526 3292 820 3353 censum,
885 3266 1003 3335 sed
1059 3268 1136 3333 iis
1210 3291 1250 3332 a
1286 3266 1770 3355 possessoribus
1824 3265 2162 3353 vectigalis
2203 3266 2465 3333 nomine
2508 3266 2880 3333 solvebatur
2921 3265 3169 3331 decima
3207 3290 3359 3355 pars
3400 3266 3662 3355 frugum
3706 3277 3771 3333 et
3814 3289 3895 3332 ex

526 3382 930 3447 arbustorum
974 3389 1294 3470 proventu
1335 3403 1488 3467 pars
1532 3379 1778 3467 quinta.
1862 3377 2212 3443 Praeterea
2252 3378 2330 3443 iis
2376 3400 2631 3467 quoque
2646 3428 2665 3462 ,
2734 3379 2845 3467 qui
2898 3401 3133 3467 greges
3186 3378 3255 3443 in
3308 3380 3563 3467 pascuis
3618 3379 3895 3467 publicis

525 3494 820 3576 alebant,
863 3493 1182 3581 scriptura
1223 3491 1466 3559 indicta
1507 3500 1644 3574 est,
1687 3500 1822 3557 tam
1863 3490 2128 3557 minoris
2172 3513 2365 3578 quam
2408 3490 2669 3557 maioris
2710 3491 2979 3579 pecoris.
3066 3490 3249 3557 Haec
3290 3492 3433 3580 ipsa
3473 3502 3623 3557 sunt
3663 3493 3895 3559 Zeissii

520 3606 726 3673 verba
779 3628 862 3671 ex
919 3605 1462 3671 commentatione
1517 3612 1730 3671 sumta
1783 3601 1866 3669 de
1916 3603 2064 3690 lege
2107 3602 2352 3671 Thoria
2394 3603 2655 3691 agraria
2693 3627 2758 3691 p.
2788 3604 2849 3670 ὁ.
2934 3602 3149 3669 Huius
3192 3612 3405 3671 autem
3448 3604 3893 3672 Romanorum

519 3716 798 3785 instituti
855 3740 998 3783 eam
1058 3716 1256 3785 fuisse
1315 3740 1578 3785 causam
1637 3716 1794 3781 dicit
1843 3714 2182 3803 Appianus
2199 3764 2220 3800 ,
2284 3724 2360 3781 ut
2412 3715 2745 3781 hominum
2798 3738 3103 3781 numerus
3158 3715 3225 3781 in
3276 3716 3470 3783 Italia
3525 3726 3895 3803 augeretur,

522 3854 718 3919 quum
759 3830 1154 3919 pauperibus
1209 3852 1440 3915 agrum
1505 3850 1824 3918 occupare
1881 3837 1946 3893 et
1987 3827 2300 3893 familiam
2356 3828 2528 3893 alere
2586 3828 2825 3894 liceret.
2910 3827 3045 3893 Res
3088 3838 3305 3893 autem
3344 3830 3545 3917 longe
3588 3830 3775 3897 aliter
3817 3852 3895 3895 ac

516 3943 648 4009 rati
687 3952 874 4009 erant
915 3942 1146 4009 evenit.
1232 3941 1492 4007 Divites
1533 3942 1730 4024 enim,
1773 3940 1886 4029 qui
1929 3962 2031 4006 res
2077 3938 2160 4007 ad
2205 3939 2511 4005 colendos
2554 3964 2748 4029 agros
2793 3940 3161 4007 devastatus
3202 3941 3597 4009 necessarias
3642 3942 3893 4009 facilius

519 4054 644 4121 sibi
700 4078 1074 4143 comparare
1116 4064 1421 4142 possent,
1505 4054 1634 4121 iam
1679 4055 1761 4120 ab
1829 4052 2011 4119 initio
2083 4053 2395 4141 majorem
2462 4053 2605 4141 agri
2667 4054 2909 4141 publici
2974 4062 3221 4140 partem
3286 4064 3764 4141 occupaverunt
3824 4063 3895 4121 et

514 4168 904 4256 procedente
931 4177 1220 4255 tempore
1247 4172 1348 4232 vel
1377 4166 1660 4233 emtione
1703 4167 1810 4231 vel
1836 4165 1900 4231 vi
1944 4165 2140 4229 etiam
2182 4164 2446 4253 inopum
2488 4164 2848 4232 vicinorum
2890 4188 3084 4254 agros
3127 4166 3259 4233 suis
3303 4166 3753 4250 adiunxerant,
3795 4166 3894 4235 ita

515 4288 592 4345 ut
621 4280 1052 4368 agricolarum
1071 4278 1386 4346 Italorum
1429 4302 1734 4346 numerus
1778 4279 1846 4345 in
1895 4278 2034 4343 dies
2076 4278 2490 4363 minueretur,
2535 4278 2895 4362 latifundia,
2940 4302 3105 4367 quae
3149 4278 3407 4347 Italiam
3450 4277 3891 4368 perdiderunt,

517 4391 600 4457 ad
643 4393 1023 4459 immensum
1071 4402 1494 4479 augerentur.
1579 4392 1754 4458 Huic
1812 4390 1989 4457 aliud
2049 4390 2322 4455 accessit
2374 4392 2638 4457 malum.
2726 4389 2940 4469 Quum
3000 4392 3170 4457 enim
3226 4391 3559 4481 superiore
3602 4401 3893 4480 tempore

516 4506 663 4593 lege
703 4504 960 4571 Licinia
998 4505 1332 4593 provisum
1373 4513 1574 4588 esset,
1615 4515 1691 4572 ut
1733 4503 2003 4593 quidam
2045 4501 2380 4569 hominum
2432 4502 2785 4570 liberorum
2838 4526 3143 4571 numerus
3196 4503 3263 4569 in
3316 4503 3489 4591 agris
3530 4504 3804 4593 publicis
3849 4529 3889 4570 a

515 4617 790 4704 singulis
855 4617 1184 4706 occupatis
1258 4618 1570 4700 aleretur,
1652 4616 1956 4705 neglecta
2024 4614 2145 4681 hac
2217 4616 2365 4704 lege
2434 4626 2506 4681 ut
2574 4616 2925 4683 liberorum
2991 4638 3295 4683 numerus
3353 4616 3420 4682 in
3477 4615 3613 4683 dies
3675 4616 3899 4705 magis.

512 4730 798 4797 minutus
853 4739 980 4811 est,
1053 4730 1148 4795 ita
1202 4752 1535 4797 servorum
1591 4752 1832 4817 greges
1888 4750 2006 4816 per
2061 4749 2284 4793 omnes
2343 4728 2479 4795 fere
2536 4751 2731 4817 agros
2788 4752 2859 4795 se
2910 4728 3291 4795 effuderunt.
3418 4727 3643 4796 Liberi
3692 4730 3895 4814 enim,

513 4841 748 4931 quibus
789 4841 1252 4932 stipendiorum
1313 4864 1475 4909 onus
1531 4841 1891 4909 iniunctum
1939 4850 2080 4905 erat
2095 4888 2114 4921 ,
2186 4840 2399 4905 minus
2454 4841 2643 4907 utiles
2700 4850 2888 4906 erant
2944 4840 3026 4907 ad
3080 4841 3381 4909 colendos
3445 4864 3565 4930 pro
3606 4841 3893 4909 dominis

511 4978 738 5043 agros,
819 4978 1020 5043 quum
1073 4955 1277 5039 servi,
1395 4957 1506 5043 qui
1569 4962 1878 5021 vacarent
1935 4949 2196 5035 militia,
2275 4975 2605 5040 nunquam
2668 4955 2751 5021 ab
2808 4953 2985 5039 agris
3054 4953 3139 5021 ad
3194 4954 3385 5043 signa
3440 4964 3883 5021 avocarentur.

509 5066 744 5155 Itaque
783 5066 1268 5135 latifundiorum
1322 5089 1728 5156 possessores
1747 5114 1768 5150 ,
1837 5064 1949 5153 qui
1991 5060 2376 5152 posthabitis
2417 5064 2807 5153 reipublicae
2826 5066 3067 5231 2salute
3122 5076 3189 5133 et
3238 5067 3471 5156 populi
3528 5067 3887 5175 rationibus
