4706 6078
2442 573 2495 652 4

793 806 1120 874 civitatem
1179 803 1639 872 moderandam
1697 827 1837 872 esse
1899 815 2166 871 censent
2224 807 2332 872 vel
2396 805 2820 872 dominationi
2879 804 3177 894 populari
3242 804 3492 888 favent,
3558 803 3893 872 Gracchos
3907 855 3926 889 ‚
3990 829 4159 895 quos

792 917 1189 984 multitudini
1231 916 1496 1005 eiusque
1538 916 1809 1006 imperio
1852 914 2176 983 studuisse
2233 917 2636 1000 existimant,
2706 927 2817 983 aut
2871 916 3240 1005 vituperant
3296 916 3715 983 immoderate
3770 927 3885 984 aut
3937 919 4157 986 effusis

791 1030 1090 1097 laudibus
1151 1029 1446 1096 efferunt.
1571 1027 1652 1095 In
1712 1038 1896 1095 tanta
1951 1038 2167 1094 autem
2225 1030 2691 1096 sententiarum
2748 1028 3179 1118 discrepantia
3221 1051 3458 1118 operae
3498 1029 3775 1119 pretium
3818 1052 3959 1096 esse
4001 1028 4158 1096 duxi

789 1151 1083 1210 veterum
1125 1139 1284 1208 locis
1306 1189 1325 1224 ‚
1367 1140 1480 1229 qui
1523 1140 1603 1206 de
1647 1140 1960 1208 Gracchis
2005 1151 2229 1229 agunt,
2273 1141 2621 1230 diligenter
2661 1143 2831 1209 inter
2871 1164 2943 1208 se
2986 1141 3378 1229 comparatis
3418 1140 3574 1229 quid
3615 1142 3739 1232 ipsi
3780 1151 4031 1209 veteres
4077 1140 4156 1208 de

789 1255 872 1321 iis
899 1253 1326 1321 iudicaverint
1353 1275 1676 1342 exponere
1705 1261 1770 1319 et
1796 1253 2258 1319 demonstrare.
2315 1252 2727 1343 Quamquam
2762 1255 2935 1320 enim
2977 1253 3103 1341 ipsi
3143 1264 3395 1320 veteres
3437 1253 3503 1319 in
3548 1255 3821 1342 singulis
3862 1254 4155 1343 partibus

789 1366 978 1432 valde
1021 1366 1191 1432 inter
1234 1387 1304 1430 se
1341 1365 1688 1431 abhorrent
1729 1389 2080 1455 eorumque
2121 1365 2360 1432 iudicia
2399 1367 2684 1455 partium
2728 1366 2955 1433 studiis
3000 1364 3327 1433 metienda
3369 1374 3554 1450 sunt,
3615 1377 3833 1433 tamen
3870 1367 3995 1433 nisi
4033 1368 4157 1434 hoc

793 1478 981 1568 quasi
1037 1477 1456 1544 fundamento
1513 1477 1650 1542 nixi
1691 1479 1774 1544 ab
1817 1477 2136 1566 opinionis
2180 1478 2447 1544 arbitrio
2505 1489 2570 1544 et
2625 1480 2949 1546 erroribus
3008 1476 3331 1544 abstinere
3395 1501 3527 1545 non
3580 1481 3953 1569 poterimus.
4040 1479 4155 1544 Et-

793 1592 966 1658 enim
1008 1590 1062 1656 si
1108 1613 1332 1656 omnes
1377 1589 1722 1679 scriptores
1764 1601 2047 1674 veteres,
2117 1590 2230 1679 qui
2289 1590 2550 1678 quidem
2608 1591 2688 1656 de
2733 1588 3049 1658 Gracchis
3105 1592 3210 1657 vel
3254 1591 3573 1680 copiosius
3618 1593 4010 1682 scripserunt
4051 1592 4154 1658 vel

789 1703 1156 1771 summatim
1199 1724 1310 1769 eos
1354 1704 1725 1791 attigerunt,
1771 1725 1883 1769 eos
1925 1723 2244 1769 consensu
2287 1712 2400 1768 aut
2441 1702 2709 1768 laudant
2752 1711 2865 1769 aut
2896 1703 3287 1791 improbant,
3332 1713 3505 1770 certe
3537 1726 3729 1769 nemo
3757 1703 4155 1788 infitiabitur‚

791 1841 1014 1884 eorum
1068 1813 1318 1904 judicia
1371 1815 1775 1903 singulorum
1836 1815 2212 1883 recentioris
2269 1814 2497 1881 aetatis
2538 1814 2997 1904 praejudicatis
3043 1815 3451 1905 opinionibus
3495 1815 3691 1903 longe
3732 1815 4157 1906 praeferenda

791 1952 954 1997 esse.
1077 1927 1322 1994 Omnes
1387 1936 1602 1992 autem
1665 1928 1950 1993 omnium
2007 1927 2120 2016 qui
2181 1949 2471 2014 unquam
2516 1925 2761 2014 aliquid
2804 1926 2885 1993 de
2930 1925 3246 1994 Gracchis
3288 1926 3629 1993 ediderunt
3670 1927 4156 1995 dissertationes

790 2043 1011 2131 legere
1055 2063 1201 2106 cum
1243 2061 1453 2127 neque
1493 2038 1809 2105 voluerim
1849 2061 2062 2127 neque
2103 2039 2458 2128 potuerim,
2504 2062 2726 2106 eorum
2770 2040 2969 2106 libros
3012 2042 3375 2129 respexisse
3419 2040 3575 2105 satis
3619 2039 3849 2125 habui,
3897 2041 4008 2128 qui
4051 2042 4157 2107 vel

795 2153 1176 2220 auctoritate
1205 2159 1284 2217 *et
1324 2151 1502 2217 fama
1543 2153 1868 2217 excellunt
1907 2153 2015 2219 vel
2068 2152 2222 2218 novi
2283 2150 2528 2240 aliquid
2594 2150 2677 2217 ad
2736 2161 2909 2218 recte
2966 2153 3373 2218 aestimanda
3432 2149 3877 2219 Gracchorum
3943 2147 4157 2220 studia

789 2267 1168 2333 attulerunt.

1035 2377 1084 2444 J
1086 2399 1194 2442 am
1235 2399 1430 2465 supra
1472 2377 2134 2462 commemoravimus,
2173 2378 2534 2444 recentiore
2576 2376 2837 2442 demum
2880 2384 3095 2442 aetate
3126 2401 3167 2442 a
3190 2376 3255 2442 N
3258 2376 3553 2443 iebnhrio
3578 2377 3859 2445 maxime
3889 2379 4155 2465 aequius

790 2499 858 2556 et
897 2488 1158 2576 dignius
1201 2487 1281 2554 de
1312 2486 1630 2555 Gracchis
1671 2489 1941 2556 iudicari
1983 2499 2282 2578 coeptum
2327 2513 2487 2556 esse.
2574 2487 2723 2556 Hoc
2764 2487 3025 2575 quidem
3068 2487 3197 2554 iam
3240 2487 3475 2577 Heyne
3515 2501 3935 2578 perspexerat
3972 2491 4156 2580 leges

789 2599 1210 2690 Semproniae
1249 2623 1380 2665 non
1425 2600 1507 2666 ad
1549 2601 1922 2668 universum
1965 2627 2214 2691 agrum,
2259 2601 2375 2668 sed
2418 2601 2501 2667 ad
2544 2625 2774 2688 agrum
2816 2601 3147 2690 publicum
3189 2609 3439 2668 tantum
3470 2602 3877 2689 pertinuisse.
3940 2603 4157 2670 Prava

793 2722 1011 2780 autem
1053 2735 1222 2801 quae
1265 2722 1455 2779 antea
1493 2714 1789 2780 valuerat
1831 2714 2048 2804 opinio
2107 2725 2179 2781 ut
2233 2714 2670 2780 obsolesceret
2722 2712 3033 2779 Heerenii
3088 2713 3400 2796 maxime,
3471 2713 3583 2801 qui
3636 2713 4155 2782 dissertationem

789 2825 874 2893 de
901 2824 1347 2892 Gracchorum
1373 2825 1658 2892 motibus
1699 2827 2070 2916 publicavit,
2115 2837 2181 2893 et
2207 2825 2620 2913 Hegewischi
2663 2848 2863 2914 opera
2902 2826 3147 2890 factum
3188 2831 3305 2907 est,
3351 2825 3463 2913 qui
3492 2835 3557 2891 et
3583 2825 3723 2915 ipse
3752 2828 4041 2894 libellum
4074 2825 4155 2894 de

793 2937 1110 3006 Gracchis
1156 2937 1375 3004 edidit.
1459 2939 1606 3006 Hos
1649 2950 1906 3006 secutus
1951 2950 2050 3005 est
2094 2937 2180 3006 G.
2225 2938 2306 3004 B.
2341 2938 2671 3021 Niebuhr,
2732 2937 2845 3025 qui
2887 2946 2959 3002 ut
3000 2938 3367 3004 universam
3410 2938 3747 3006 historiam
3788 2939 4155 3006 Romanam

789 3050 1162 3140 explanavit
1213 3062 1282 3117 et
1339 3052 1719 3135 illustravit,
1804 3052 1900 3118 ita
1960 3052 2110 3119 huic
2171 3074 2429 3141 quoque
2483 3051 2655 3141 parti
2696 3060 2929 3116 natura
2970 3074 3049 3116 ac
3088 3051 3339 3117 ratione
3384 3052 3529 3139 agri
3570 3052 3813 3140 publici
3856 3062 4155 3120 accurate

790 3165 1090 3255 exposita
1129 3163 1468 3231 clariorem
1511 3165 1720 3231 lucem
1765 3165 2000 3231 attulit.
2105 3165 2235 3231 Hic
2291 3174 2511 3230 autem
2558 3164 2691 3247 vir,
2748 3162 3277 3251 praeclarissimis
3324 3160 3769 3231 Gracchorum
3809 3164 4154 3233 virtutibus

789 3300 1036 3367 magna
1076 3276 1502 3343 admiratione
1545 3277 1810 3345 affectus
1855 3300 2095 3366 eosque
2135 3277 2384 3366 optima
2424 3298 2720 3365 quaeque
2773 3274 2843 3341 in
2896 3275 3088 3341 rebus
3143 3276 3416 3363 publicis
3471 3276 3775 3364 gerendis
3828 3288 4157 3366 spectasse

789 3389 964 3456 haud
991 3390 1321 3478 ignorans,
1366 3410 1566 3477 quum
1609 3410 1832 3455 eorum
1877 3390 2420 3456 existimationem
2464 3388 2709 3456 tamdiu
2752 3386 3159 3453 imminutam
3200 3388 3532 3476 splendide
3567 3398 3635 3455 et
3660 3390 3941 3457 fortasse
3964 3390 4157 3457 nimis

789 3500 1129 3591 splendide
1170 3502 1574 3586 restituisset,
1615 3502 1756 3569 fieri
1797 3525 1928 3569 non
1972 3502 2184 3591 potuit
2225 3502 2381 3591 quin
2424 3501 2589 3568 tanti
2630 3499 2753 3567 viri
2796 3499 3181 3567 auctoritate
3221 3500 3353 3565 iam
3393 3501 3589 3589 plane
3630 3512 4034 3570 mutarentur
4076 3501 4156 3569 de

793 3613 1111 3683 Gracchis
1143 3612 1383 3681 iudicia
1412 3624 1477 3679 et
1509 3614 1620 3703 qui
1649 3624 1840 3681 antea
1881 3615 1968 3681 in.
1990 3636 2332 3681 numerum
2374 3614 2707 3680 hominum
2748 3610 3201 3679 seditiosorum
3237 3614 3557 3679 effrenata
3595 3614 3857 3683 licentia
3896 3636 4157 3681 omnem

789 3727 1186 3816 reipublicae
1215 3736 1452 3793 statum
1481 3727 1983 3795 concutientium
2012 3728 2427 3811 referrentur,
2468 3725 2665 3792 iidem
2705 3725 2836 3791 iam
2876 3735 2952 3790 ut
2990 3724 3369 3791 liberatores
3396 3733 3593 3814 atque
3616 3727 3902 3795 vindices
3930 3725 4157 3817 populi

789 3840 1058 3909 summis
1101 3838 1400 3906 laudibus
1444 3841 1782 3907 ferrentur.
1869 3839 2061 3907 Hanc
2103 3838 2365 3928 quidem
2408 3838 2797 3905 sententiam
2836 3838 2950 3926 qui
2991 3837 3452 3927 impugnarent
3494 3838 3680 3905 multi
3706 3849 3937 3928 postea
3962 3840 4153 3907 exafi-

789 3962 1038 4038 terunt3
1083 3975 1360 4041 quorum
1391 3953 1674 4019 omnium
1695 3951 1931 4018 iudicia
1955 3974 2288 4018 recensere
2321 3975 2470 4018 cum
2512 3952 2783 4038 longum
2826 3950 2939 4033 sit,
2982 3950 3049 4015 in
3091 3950 3171 4016 iis
3195 3951 3470 4034 constiti,
3515 3952 3627 4039 qui
3651 3954 3760 4019 vel
3788 3952 4156 4041 nuperrime

792 4064 874 4132 de
899 4064 1216 4132 Gracchis
1241 4064 1638 4153 seripserunt
1658 4065 1762 4131 vel
1802 4075 2061 4153 praeter
2099 4076 2348 4131 ceteros
2394 4062 2773 4131 auctoritate
2796 4072 2863 4128 et
2883 4061 3177 4129 doctrina
3200 4064 3449 4130 florent.
3495 4064 3643 4131 Hoc
3664 4065 3805 4132 loco
3836 4066 3905 4131 in
3932 4065 4157 4155 primis

793 4176 1070 4246 Carolus
1099 4176 1369 4245 Nitzsch
1414 4176 2016 4243 commemorandus
2058 4186 2176 4260 est,
2219 4177 2334 4266 qui
2374 4177 2530 4243 satis
2560 4176 2845 4265 amplum
2881 4174 2961 4241 de
2989 4174 3305 4241 Gracchis
3350 4175 3553 4243 edidit
3592 4177 3847 4259 librum,
3890 4187 4158 4267 propter

791 4290 1013 4357 iudicii
1037 4288 1464 4357 subtilitatem
1494 4299 1559 4355 et
1583 4289 1960 4377 diligentem
1988 4312 2250 4379 operam
2279 4290 2345 4355 in
2382 4312 2459 4355 eo
2492 4297 2893 4356 consumtam
2922 4287 3115 4354 valde
3138 4289 3505 4377 probatum.
3550 4288 3744 4357 Hunc
3770 4300 4033 4359 secutus
4058 4302 4158 4359 est

791 4401 958 4485 Lau,
1003 4402 1114 4491 qui
1155 4403 1386 4491 etipse
1415 4400 1498 4466 de
1527 4400 1844 4469 Gracchis
1886 4402 2160 4491 scripsit.
2247 4401 2460 4467 Huius
2504 4401 2739 4467 librum
2783 4422 2929 4466 cum
2972 4399 3291 4467 Nitzschii
3331 4401 3496 4468 libro
3541 4404 3721 4469 nulla
3759 4415 3944 4493 parte
3983 4426 4157 4471 com-

791 4515 1012 4603 parari
1050 4524 1288 4603 potest.
1375 4512 1683 4603 Sequitur
1726 4536 1882 4581 sane
1923 4515 1988 4581 N
1991 4514 2326 4581 itzschium
2370 4514 2599 4580 ducem
2639 4511 2935 4602 plurimis
2977 4512 3134 4579 locis
3177 4513 3491 4600 singulari
3544 4538 3689 4582 cum
3731 4516 3859 4583 fide
3900 4528 3968 4585 et
4008 4517 4157 4585 sim-

789 4624 1111 4716 plicitate;
1171 4627 1226 4693 si
1267 4628 1591 4695 interdum
1637 4628 1716 4693 ab
1771 4626 2090 4693 Nitzschii
2133 4627 2517 4693 auctoritate
2560 4625 2897 4707 abhorret,
2954 4624 3091 4690 fere
3128 4623 3196 4691 in
3242 4648 3491 4693 errores
3530 4628 3639 4694 vel
3680 4630 3903 4695 inanes
3946 4627 4157 4697 decla-

787 4736 1111 4803 mationes
1149 4738 1566 4807 abstrahitur.
1654 4737 1783 4818 Qui
1826 4738 1907 4806 de
1947 4740 2141 4807 rebus
2182 4739 2459 4828 publicis
2500 4738 2691 4805 aliter
2734 4746 2933 4826 atque
2975 4737 3115 4825 ipse
3154 4736 3475 4822 iudicant,
3516 4762 3631 4806 eos
3673 4741 3954 4831 superba
3992 4741 4159 4809 solet

789 4849 1144 4916 acerbitate
1207 4854 1540 4942 persequi3
1602 4851 2073 4935 Buchholzium
2113 4853 2395 4919 maxime
2437 4862 2503 4918 et
2542 4851 2843 4919 Reiffium
2860 4902 2879 4936 ,
2938 4876 3213 4941 quorum
3258 4852 3521 4943 quidem
3575 4855 3755 4922 libris
3799 4877 3904 4920 me
3944 4875 4158 4942 neque

791 4960 1006 5029 minus
1046 4986 1262 5053 neque
1303 4965 1516 5053 mag-is
1559 4964 1798 5032 debere
1839 4988 2038 5054 quam
2079 4963 2251 5031 Laui
2292 4965 2494 5033 libere
2534 4964 2873 5054 profiteor,
2934 4976 3011 5033 ut
3052 4966 3508 5035 immoderatos
3550 4967 3740 5055 regni
3788 4965 4157 5033 laudatores

793 5085 862 5142 et
899 5074 1142 5145 liberae
1196 5076 1588 5166 reipublicae
1642 5086 2122 5168 contemptores
2175 5078 2382 5145 effusa
2440 5076 2648 5167 carpit
2706 5078 3151 5168 castigatione.
3278 5079 3433 5169 Ipse
3500 5100 3647 5147 cum
3712 5078 4159 5147 Gracchorum
