4706 6078
2164 610 2254 690 19

511 846 684 912 nihil
725 844 1040 912 curabant
1082 852 1148 936 et
1189 842 1388 908 totius
1428 843 1822 932 reipublicae
1865 846 2142 912 salutem
2183 869 2301 935 pro
2345 844 2549 912 nihilo
2593 843 2953 926 habebant,
3038 851 3148 908 aut
3190 842 3593 924 nitebantur,
3676 851 3749 908 ut
3796 843 3886 910 ait

521 957 754 1024 Cicero
799 979 916 1045 pro
935 953 1104 1023 Sest.
1147 956 1250 1036 48,
1299 955 1415 1018 103
1459 967 1684 1021 contra
1726 967 1980 1042 gratam
2029 957 2130 1022 Ti.
2179 956 2463 1025 Gracchi
2505 957 2740 1043 legem,
2785 978 2913 1042 qua
2955 948 3253 1020 fortunae
3294 956 3596 1022 constitui
3638 955 3885 1021 tenuio-

515 1093 662 1135 rum
723 1067 1110 1134 videbantur
1132 1117 1150 1150 ,
1234 1078 1582 1155 propterea
1663 1067 1839 1155 quod
1893 1079 1958 1134 et
2001 1067 2391 1136 discordiam
2436 1067 2699 1133 excitari
2740 1065 3047 1132 videbant
3088 1075 3185 1149 et,
3273 1090 3469 1154 quum
3530 1068 3883 1156 locupletes

518 1181 1040 1271 possessionibus
1083 1178 1401 1245 diuturnis
1445 1188 1890 1263 moverentur,
1935 1181 2199 1269 spoliari
2241 1180 2707 1269 rempublicam
2748 1178 3339 1267 propugnatoribus
3385 1179 3880 1247 arbitrabantur.

519 1292 766 1360 Omnes
824 1293 958 1358 fere
1015 1305 1230 1357 autem
1285 1301 1616 1357 senatores
1660 1302 1726 1357 et
1766 1292 2012 1380 equites
2057 1315 2256 1380 quum
2299 1294 2447 1381 lege
2491 1292 2749 1378 agraria
2790 1291 2871 1356 de
2924 1291 3054 1356 suis
3112 1290 3509 1374 amitterent,
3596 1297 3727 1357 hon
3786 1303 3885 1358 est

522 1407 757 1472 mirum
797 1414 1049 1470 tantum
1093 1404 1241 1470 inde
1283 1404 1630 1468 tumultum
1675 1415 1885 1469 ortum
1929 1429 2088 1471 esse.
2191 1405 2357 1470 Inde
2397 1427 2551 1470 vero
2596 1405 2799 1491 ipsam
2846 1405 3058 1488 legem
3105 1403 3437 1468 exitiosam
3481 1404 3698 1486 fuisse,
3743 1427 3884 1469 sua-

515 1541 650 1605 que
713 1525 946 1584 natura
1017 1516 1478 1604 rempublicam
1551 1516 1952 1582 concussisse
2007 1519 2269 1584 minime
2331 1527 2549 1607 potest
2604 1517 2851 1582 coniici.
2936 1516 3201 1580 Poterat
3242 1517 3409 1580 enim
3458 1527 3681 1582 contra
3724 1518 3883 1605 opti-

520 1629 794 1694 matium
839 1631 1152 1694 clamores
1198 1629 1440 1715 optimo
1485 1630 1622 1694 iure
1667 1629 1998 1713 contendi,
2084 1631 2407 1718 singulos,
2493 1640 2565 1695 ut
2606 1639 2814 1695 totum
2870 1636 3384 1710 conservaretur,
3470 1629 3761 1694 nonnihil
3804 1629 3883 1705 de

517 1741 648 1806 suis
714 1739 1023 1805 decedere
1080 1761 1343 1804 neeesse
1398 1763 1558 1806 esse.
1647 1738 1820 1806 Sane
1878 1741 2000 1806 hoc
2061 1765 2192 1807 non
2252 1743 2438 1808 aliter
2492 1741 2617 1807 nisi
2677 1743 2906 1808 ultima
2968 1750 3241 1827 cogente
3306 1740 3689 1806 necessitate
3746 1741 3885 1806 fieri

527 1851 739 1919 debet.
826 1851 1016 1919 Hanc
1063 1863 1276 1917 autem
1322 1852 1575 1918 venisse
1618 1875 1871 1941 semper
1913 1854 2024 1940 qui
2068 1854 2146 1918 de
2190 1855 2322 1920 suis
2369 1853 2665 1920 amissuri
2706 1865 2855 1920 sunt
2897 1853 3247 1940 negabunt.

769 1964 952 2042 Quae
996 1986 1194 2052 quum
1240 1964 1333 2028 ita
1374 1964 1504 2029 sint
1514 2015 1533 2048 ,
1581 1975 1756 2030 recte
1799 1965 2034 2052 aliquis
2077 1966 2591 2054 interrogaverit,
2638 1967 2748 2054 qui
2788 1968 3028 2031 factum
3073 1964 3175 2046 sit,
3217 1974 3291 2030 ut
3332 1964 3649 2047 Tiberius,
3694 1987 3886 2052 quem

519 2099 601 2142 ex
643 2077 904 2166 optimis
962 2076 1244 2142 consiliis
1297 2079 1656 2164 profectum
1711 2099 1852 2142 esse
1897 2078 2169 2160 scimus,
2228 2079 2429 2144 nihilo
2472 2079 2685 2144 minus
2728 2088 2933 2144 totam
2974 2077 3431 2165 rempublicam
3478 2076 3885 2166 perturbaret

515 2199 580 2254 et
633 2189 1072 2254 labefactaret.
1159 2188 1306 2254 Hoc
1350 2199 1565 2254 autem
1621 2213 1702 2255 ex
1743 2190 1854 2269 iis,
1922 2214 2088 2278 quae
2129 2192 2258 2256 iam
2301 2213 2801 2278 persequemur,
2862 2190 3131 2278 patebit.
3216 2187 3707 2278 Rempublicam
3752 2189 3882 2254 Ro-

515 2325 775 2366 manam
817 2301 1110 2389 patribus
1155 2311 1220 2366 et
1263 2301 1584 2389 equitibus
1627 2301 1844 2366 nixam
1889 2303 2114 2385 fuisse,
2183 2304 2236 2368 si
2291 2303 2668 2391 posterioris
2709 2302 3017 2390 temporis
3058 2303 3281 2366 turbas
3334 2311 3401 2365 et
3440 2301 3883 2367 contentiones

516 2414 1048 2500 spectaverimus‚
1137 2414 1365 2500 negari
1430 2437 1559 2479 non
1616 2423 1848 2501 potest.
1959 2413 2088 2493 Qui
2147 2417 2372 2502 quales
2426 2417 2663 2481 fuerint
2718 2425 2783 2480 et
2844 2415 3074 2502 quibus
3126 2414 3318 2480 rebus
3378 2413 3459 2479 ab
3515 2414 3881 2480 hominibus

518 2525 942 2614 popularibus
989 2525 1254 2609 diversi,
1315 2526 1624 2613 cognosci
1665 2535 1879 2613 potest
1921 2549 2002 2591 ex
2046 2525 2256 2592 Cicer.
2301 2539 2461 2594 orat.
2510 2550 2626 2616 pro
2672 2525 2838 2594 Sest.
2882 2528 2997 2608 49,
3058 2527 3197 2592 105.
3262 2607 3269 2613 .
3306 2524 3597 2592 Sed'has
3640 2526 3882 2610 laudes,

520 2661 682 2726 quas
728 2637 957 2704 Cicero
1017 2638 1433 2726 optimatibus
1492 2638 1758 2723 tribuit,
1825 2639 1880 2704 si
1933 2662 2077 2704 cum
2134 2639 2323 2705 factis
2378 2641 2801 2728 plurimorum
2845 2640 3286 2706 Romanorum
3340 2639 3511 2703 illius
3542 2641 3879 2730 temporis,

525 2750 636 2838 qui
679 2749 939 2837 quidem
981 2750 1047 2814 in
1092 2751 1283 2816 rebus
1329 2751 1603 2839 publicis
1648 2751 1886 2816 versati
1929 2760 2109 2833 sunt,
2168 2751 2675 2839 comparaveris,
2731 2753 2961 2817 mirum
3008 2752 3286 2839 reperies
3330 2750 3671 2818 discrimen
3712 2753 3883 2817 inter

528 2861 700 2928 dicta
764 2871 828 2926 et
897 2863 1086 2927 facta.
1224 2861 1412 2940 Quod
1485 2863 1810 2952 quomodo
1885 2864 2198 2952 explicari
2251 2864 2517 2952 potest?
2614 2863 2892 2930 Senatus
2948 2864 3283 2929 Romanus
3338 2864 3510 2928 illius
3572 2865 3881 2953 temporis

523 2976 1049 3062 repraesentabat
1072 2973 1332 3063 quidem
1365 2976 1710 3064 superioris
1753 2976 2062 3066 temporis
2089 2975 2473 3063 dignitatem
2518 2986 2581 3042 et
2622 2977 3027 3066 gravitatem,
3072 2974 3340 3041 eandem
3386 2977 3585 3043 animi
3626 2977 3879 3063 magni·

513 3086 808 3153 tudinem
852 3110 1008 3174 prae
1053 3111 1120 3153 se
1162 3088 1414 3154 ferebat
1454 3088 1560 3152 vel
1602 3088 1946 3155 simulabat
1986 3090 2234 3177 potius,
2280 3113 2411 3177 qua
2453 3089 2789 3178 imperium
2832 3088 3198 3155 Romanum
3245 3098 3501 3155 auctum
3546 3098 3610 3153 et
3653 3090 3879 3156 confir-

513 3209 766 3265 matum
809 3209 980 3283 erat,
1050 3199 1162 3265 sed
1219 3201 1398 3287 ipsae
1453 3201 1722 3266 virtutes
1768 3224 1802 3264 e
1845 3201 2056 3268 medio
2114 3202 2407 3267 sublatae
2464 3211 2667 3268 erant.
2794 3201 3121 3284 Avaritia,
3187 3200 3360 3289 quod
3403 3201 3629 3267 vitium
3670 3224 3756 3267 ne
3798 3202 3881 3267 ab

517 3310 777 3400 optimis
835 3312 1094 3400 quidem
1153 3312 1310 3378 viris
1368 3310 1574 3399 iisque
1632 3336 1782 3379 vere
1821 3312 2136 3379 Romanis
2195 3313 2476 3379 alienum
2530 3313 2727 3379 fuisse
2784 3324 3066 3399 constat,
3130 3324 3267 3380 tum
3317 3337 3434 3401 per
3484 3318 3693 3373 totum
3746 3309 3880 3375 fere

525 3424 933 3512 optimatium
957 3424 1247 3491 ordinem
1270 3424 1724 3511 grassabatur3
1769 3425 2002 3491 deinde
2028 3447 2173 3493 cum
2215 3424 2409 3490 etiam
2451 3425 2771 3508 libidines,
2816 3449 2854 3490 a
2892 3426 3124 3513 quibus
3165 3426 3521 3515 priscorum
3550 3422 3881 3489 hominum

513 3536 889 3624 simplicitas
933 3538 1038 3601 vel
1077 3537 1360 3603 maxime
1401 3536 1855 3621 abhorruerat,
1914 3537 2143 3625 opibus
2190 3536 2395 3602 auctis
2437 3537 2859 3625 plurimorum
2904 3538 3149 3604 animos
3190 3546 3626 3625 occupassent,
3670 3535 3879 3623 reipu-

513 3648 722 3715 blicae
763 3649 1286 3732 fundamentum,
1346 3649 1467 3713 etsi
1507 3649 1943 3716 firmissimum
1987 3661 2050 3715 et
2094 3648 2548 3716 solidissimum
2594 3672 2735 3714 esse
2775 3649 3145 3731 videbatur,
3208 3659 3396 3737 putre
3440 3657 3580 3715 erat
3635 3648 3877 3713 factum

513 3770 584 3826 et
625 3760 959 3828 caducum.
1042 3760 1499 3827 Fundamento
1547 3771 1758 3827 autem
1805 3763 2096 3828 confecto
2142 3773 2342 3846 totam
2387 3762 2847 3850 rempublicam
2892 3783 3191 3827 corruere
3234 3784 3496 3829 necesse
3538 3760 3693 3843 fuit3
3749 3759 3882 3846 ple-

512 3874 660 3939 bem
705 3874 878 3939 enim
936 3895 1189 3939 summa
1243 3872 1463 3962 inopia
1513 3897 1804 3963 pressam
1847 3874 2309 3964 rempublicam
2349 3882 2719 3939 sustentare·
2752 3896 2884 3940 non
2925 3874 3211 3962 potuisse
3255 3883 3540 3963 apparet.
3624 3871 3880 3939 Medius

515 3994 731 4053 autem
791 3985 950 4053 ordo
1007 3987 1176 4051 inter
1229 3986 1571 4074 optimates
1624 3985 1866 4052 divitiis
1921 3998 1988 4053 et
2042 3988 2298 4055 luxuria
2347 3986 2635 4076 perditos
2693 3995 2758 4051 et
2813 3986 3068 4075 inopem
3126 3985 3599 4051 multitudinem
3662 4006 3878 4051 rerum

509 4097 729 4186 inopia
773 4098 852 4162 ad
896 4098 1179 4186 pessima
1221 4120 1520 4186 quaeque
1558 4108 1852 4186 paratam
1911 4100 2023 4165 illo
2077 4110 2369 4189 tempore
2432 4100 2675 4165 deerat.
2800 4098 2929 4164 Hic
2984 4097 3142 4163 ordo
3199 4109 3269 4163 ut
3312 4096 3396 4163 ad
3438 4096 3877 4163 sustinendam

504 4209 970 4298 rempublicam
1029 4211 1507 4294 restitueretur,
1590 4209 1734 4300 ipsa
1776 4212 2023 4278 Tiberii
2077 4214 2223 4300 lege
2281 4236 2363 4280 ex
2419 4214 2617 4300 longo
2671 4223 2961 4300 tempore
3019 4210 3296 4299 primum
3354 4220 3712 4298 spectatum
3756 4217 3874 4273 est.

507 4318 698 4399 Quod
756 4345 954 4410 quum
1015 4321 1277 4390 Tiberio
1349 4346 1480 4389 non
1551 4324 1990 4411 contingeret,
2080 4326 2282 4392 nihilo
2353 4326 2567 4391 minus
2640 4333 2853 4389 autem
2915 4323 3251 4412 optimates
3310 4321 3555 4388 Tiberii
3611 4331 3678 4386 et
3722 4319 3877 4385 Gaii

505 4433 788 4499 maxime
833 4434 1088 4520 legibus
1127 4436 1522 4523 permultum
1567 4435 1646 4501 de
1691 4437 2070 4502 auctoritate
2113 4448 2180 4503 et
2221 4438 2545 4524 gravitate
2589 4460 2707 4503 sua
2750 4436 3144 4518 amisissent,
3188 4445 3255 4501 et
3294 4434 3479 4522 plebs
3523 4432 3605 4497 ad
3646 4432 3876 4497 melio-

505 4568 610 4611 res
675 4568 821 4634 spes
897 4546 1175 4613 excitata
1239 4556 1305 4612 et
1363 4570 1401 4611 a
1461 4548 1678 4636 pravis
1735 4548 2012 4613 tribunis
2068 4550 2134 4614 in
2191 4550 2609 4615 concionibus
2668 4548 2842 4615 omni
2894 4546 3105 4612 modo·
3146 4556 3447 4633 corrupta
3502 4553 3567 4611 et
3621 4545 3876 4633 perdita

503 4658 974 4747 rempublicam
1017 4682 1100 4724 ne
1158 4660 1492 4725 minimum
1551 4659 1808 4747 quidem
1864 4671 2153 4745 curaret,
2237 4661 2604 4749 respublica
2659 4660 2955 4727 omnibus
3009 4658 3447 4725 fundamentis
3498 4658 3753 4747 privata
3794 4657 3876 4723 ad

504 4768 837 4835 interitum
879 4794 950 4835 se
991 4771 1347 4836 inclinavit.
1434 4769 1732 4836 Pessima
1773 4771 1943 4838 enim
1988 4783 2053 4838 et
2094 4774 2587 4862 perniciossima
2628 4796 2707 4837 ea
2760 4772 3152 4861 reipublicae
3208 4772 3417 4837 forma
3472 4780 3571 4837 est
3625 4770 3691 4836 in
3747 4793 3875 4858 qua

505 4903 589 4947 ex
630 4882 786 4971 ipsis
831 4883 1155 4949 nobilibus
1199 4883 1394 4949 factio
1440 4892 1582 4949 orta
1623 4892 1722 4949 est
1741 4933 1762 4965 ,
1852 4908 2017 4973 quae
2075 4887 2302 4952 ceteris
2345 4886 2739 4975 reipublicae
2782 4884 3073 4974 partibus
3115 4882 3429 4972 neglectis
3465 4892 3673 4948 totam
3712 4906 3875 4949 rem-

501 4993 829 5081 publicam
893 5018 1046 5062 suae
1107 4996 1301 5084 plane
1361 4996 1702 5084 potestatis
1759 4996 1976 5063 faciat.
2062 4996 2230 5063 Eam
2291 4998 2615 5065 civitatem
2674 5006 2739 5063 et
2795 4995 2987 5062 foeda
3048 5018 3297 5061 morum
3356 4993 3766 5083 corruptione
3810 5002 3877 5060 et

3144 5108 3183 5173 3

4310 229 4401 276 η
