4706 6078
2163 595 2256 672 17

521 826 670 911 ΙΙΙ,
733 825 814 891 27
859 824 1143 896 Gracchi
1198 849 1346 896 cun
1391 825 1745 894 Saturnino
1793 827 2284 900 confundatur
2323 839 2393 900 et
2430 829 2798 898 turbatores
2842 828 3047 915 plebis
3086 827 3424 914 dicuntur-3
3510 828 3657 896 vide
3700 829 3899 900 etiam

525 961 694 1026 quae
733 935 1112 1026 Nipperdey
1167 936 1249 1002 ad
1291 936 1463 1004 hunc
1505 939 1720 1005 locum
1767 939 2052 1006 adnotat.
2138 941 2291 1031 Ipse
2333 941 2701 1025 Sallustius,
2746 963 2941 1028 quem
2985 937 3391 1028 optimatium
3420 941 3591 1029 parti
3632 941 3897 1011 minime

517 1051 760 1117 favisse
837 1048 954 1116 sed
1017 1057 1262 1137 quanta
1312 1072 1546 1118 -eorum
1619 1050 1990 1140 depravatio
2051 1054 2248 1124 fixa-it
2309 1053 2663 1122 clarissimo
2724 1051 3099 1140 depinxisse
3174 1060 3462 1133 constat,
3546 1063 3892 1142 postquam

519 1159 970 1228 Gracchorum
999 1161 1216 1228 studia
1261 1171 1325 1226 et
1364 1163 1776 1250 optimatium
1815 1167 2315 1253 repugnantiam
2356 1164 2673 1254 exposuit,
2718 1164 2799 1232 de
2841 1165 2991 1234 bell·
3034 1163 3083 1230 J
3085 1163 3345 1250 ugni-th.
3384 1165 3469 1228 42
3510 1165 3604 1230 ita
3643 1167 3891 1253 pergit:

519 1274 613 1340 Et
653 1296 810 1342 sane
854 1272 1168 1340 Gracchis
1211 1274 1510 1362 cupidine
1552 1275 1860 1343 victoriae
1903 1277 2076 1347 haud
2117 1278 2274 1346 satis
2331 1276 2701 1344 moderatus
2760 1277 3011 1346 animus
3061 1277 3208 1346 fuit.
3294 1275 3431 1348 Sed
3490 1279 3663 1344 bono
3719 1278 3892 1346 vinci

521 1386 723 1452 satius
767 1395 896 1466 est,
981 1409 1178 1474 quam
1241 1387 1410 1452 malo
1469 1410 1648 1456 more
1703 1387 2007 1456 iniuriam
2069 1389 2346 1460 vincere.
2430 1389 2629 1462 Hunc
2672 1391 2885 1460 locum
2927 1389 3103 1458 varie
3140 1388 3459 1477 explicari
3498 1389 3666 1474 sci03
3744 1390 3891 1458 sine

521 1497 716 1566 dubio
742 1507 956 1566 autem
998 1499 1217 1566 verba:
1253 1498 1474 1566 bono
1517 1500 1739 1566 vinci
1781 1500 2044 1568 satius
2089 1513 2212 1570 eet
2255 1501 2338 1571 ad
2376 1500 2719 1572 Gracchos
2761 1501 3101 1572 referenda
3128 1511 3311 1585 sunt,
3358 1501 3469 1590 qui
3510 1503 3682 1571 malo
3712 1525 3891 1572 more

513 1611 823 1678 iniuriam
861 1611 1096 1676 vicisse
1149 1619 1494 1706 propterea
1537 1610 1882 1697 dicuntur,
1927 1612 2106 1702 quod
2147 1615 2328 1702 leges
2366 1638 2523 1684 suas
2564 1615 2825 1684 violatis
2868 1615 3123 1702 legibus
3156 1615 3447 1702 spa-ferre
3490 1613 3892 1686 studuerunt.

521 1724 671 1792 Hm
714 1720 984 1790 Sallusti
1027 1721 1108 1788 de
1153 1719 1468 1790 Gracchis
1511 1723 1819 1792 iudicium
1861 1724 2284 1796 iustissimum
2315 1738 2457 1812 ‹est3
2534 1750 2745 1816 neque
2780 1750 3177 1816 quemquam
3220 1726 3353 1798 scio
3394 1735 3717 1811 veterum,
3781 1728 3895 1816 qui

517 1848 658 1903 tam
706 1836 1014 1902 brevibus
1075 1834 1286 1902 verbis
1342 1844 1475 1901 tam
1517 1846 1692 1902 recte
1733 1836 1816 1902 de
1857 1837 1935 1903 iis
1973 1837 2373 1906 iudicaverit.
2460 1837 2893 1909 Consentiunt
2934 1848 3156 1909 autem
3215 1861 3361 1908 cum
3418 1839 3516 1904 his
3558 1838 3772 1908 verbis
3812 1862 3893 1906 ea

522 1971 690 2038 quae
748 1947 1136 2016 antecedunt
1149 1997 1168 2032 ,
1244 1947 1481 2035 quibus
1557 1948 1828 2037 exponit
1885 1949 2158 2038 scriptor
2173 2000 2191 2035 ‚
2281 1949 2614 2022 Gracchos
2683 1951 3011 2024 vindicare
3084 1950 3339 2039 plebem
3394 1952 3461 2018 in
3522 1952 3889 2022 libertatem

519 2071 588 2127 et
627 2083 982 2149 paucorum
1026 2059 1270 2126 seelera
1308 2060 1672 2148 patefacere
1715 2062 2002 2149 coepisse
2015 2111 2035 2146 ,
2118 2063 2523 2132 nobilitatem
2577 2072 2791 2134 autem
2832 2064 3093 2133 noxiam
3134 2071 3331 2151 atque
3394 2085 3474 2130 eo
3530 2064 3891 2152 perculsam

520 2172 702 2241 vario
777 2173 972 2238 modo
1055 2172 1154 2238 his
1247 2169 1694 2240 Gracchorum
1777 2174 2134 2242 actionibus
2217 2177 2475 2244 obviam
2548 2176 2741 2242 ivisse
2812 2185 2876 2242 et
2952 2174 3318 2262 pollicendo
3390 2199 3471 2246 ac
3543 2176 3887 2246 dividendo

518 2293 772 2374 partem
839 2284 1220 2372 popularem
1279 2286 1694 2373 oppressisse.
1809 2287 2085 2356 Maximi
2145 2289 2456 2356 momenti
2518 2287 2603 2354 ad
2672 2285 3115 2357 Gracchorum
3172 2287 3392 2360 studia
3467 2299 3641 2356 recte
3701 2291 3887 2358 aesti-

519 2395 759 2464 manda
799 2396 960 2462 haec
1018 2407 1172 2464 sunt
1217 2395 1494 2464 Sallusti
1554 2403 1782 2482 verba,
1869 2423 2037 2487 quae
2093 2401 2250 2489 quin
2301 2399 2386 2466 ad
2445 2398 2778 2466 Gracchos
2844 2399 3185 2468 referenda
3232 2400 3367 2470 sint
3422 2399 3687 2467 dubium
3744 2424 3887 2474 esse

515 2533 652 2576 non
713 2518 966 2597 potest,
1045 2509 1127 2576 de
1199 2510 1350 2576 bell.
1421 2509 1733 2598 ‚Iugum-211.
1790 2511 1906 2577 41:
2043 2512 2182 2580 Ubi
2256 2512 2539 2601 primum
2610 2533 2691 2580 ex
2758 2511 3103 2582 :nobilitate
3176 2512 3414 2601 reperti
3490 2522 3640 2582 sunt
3661 2562 3679 2597 ,
3771 2515 3889 2601 >qui

519 2645 789 2688 ver-am
865 2622 1216 2710 gloriam
1297 2623 1668 2690 iniustae
1754 2623 2180 2710 potentiae
2264 2634 2760 2714 anteponerent,
2842 2625 3095 2694 moueri
3169 2625 3393 2692 civitas
3452 2635 3521 2690 et
3576 2624 3885 2694 dissensio

519 2734 724 2800 civilis
743 2783 760 2814 ,
819 2734 1006 2822 quasi
1041 2733 1386 2821 permixtio
1431 2745 1643 2802 terrae
1657 2784 1675 2818 ,
1740 2735 1892 2802 oriri
1947 2736 2176 2824 coepit.
2262 2735 2418 2802 Non
2459 2737 2619 2803 latet
2660 2762 2765 2806 me
2808 2737 3189 2808 Sallustium
3230 2737 3331 2804 hie
3375 2737 3588 2802 verbis
3624 2759 3763 2803 non
3807 2736 3886 2804 de

501 2844 662 2932 ,ipsa
719 2845 867 2932 lege
925 2846 1183 2934 agraria
1239 2846 1508 2929 dixisse„
1577 2846 1691 2914 sed
1721 2846 1816 2914 »de
1851 2848 2172 2916 universis
2219 2846 2667 2916 Gracchorum
2720 2850 3112 2936 actionibu83
3196 2849 3321 2916 hoc
3356 2844 3590 2919 autem
3615 2860 3885 2939 apparet

517 2979 603 3024 ex
638 2958 773 3024 eius
809 2957 1062 3042 verbis,
1116 2957 1385 3025 minime
1426 2959 1827 3049 improbasse
1869 2983 2015 3028 eum
2058 2959 2272 3026 studia
2313 2969 2381 3028 et
2423 2961 2693 3026 consilia
2739 2961 3217 3047 Gracchorum,
3282 2963 3423 3031 sola
3462 2963 3712 3029 ratione
3756 2985 3887 3051 qua

514 3070 584 3139 in
624 3070 1060 3161 exsequendis
1095 3070 1180 3138 iis
1222 3072 1324 3139 usi
1365 3082 1520 3139 sunt
1557 3073 1730 3139 male
1771 3083 2166 3141 contentum.

763 3212 992 3281 Livius
1033 3213 1188 3302 epit.
1231 3214 1314 3280 58
1349 3213 1443 3279 de
1485 3214 1650 3301 legis
1695 3216 1991 3303 agrariae
2017 3216 2308 3283 utilitate
2358 3218 2465 3283 vel
2520 3218 2805 3305 periculo
2858 3218 3025 3285 nihil
3075 3216 3256 3283 aliud
3306 3216 3464 3285 dicit
3520 3218 3647 3283 nisi
3690 3217 3885 3284 Tibe-

507 3325 684 3391 'rium
747 3348 892 3391 eam
955 3326 1260 3393 adversus
1321 3326 1726 3395 voluntatem
1797 3338 2062 3395 senatus
2123 3338 2188 3396 et
2242 3330 2564 3419 equestris
2628 3330 2872 3396 ordinis
2926 3329 3157 3397 tulisse
3170 3380 3189 3414 ,
3292 3329 3409 3396 sed
3476 3330 3569 3396 ita
3632 3331 3883 3420 pergit:

520 3436 850 3503 exarsit
903 3437 1053 3517 (hac
1083 3440 1266 3527 lege)
1315 3440 1386 3505 in
1417 3462 1604 3505 eum
1653 3441 2051 3525 furorem,
2111 3450 2186 3508 ut
2225 3441 2318 3509 M.
2366 3441 2640 3510 Octavio
2706 3444 2997 3531 coflegae
3040 3464 3299 3509 causam
3342 3442 3635 3508 diversae
3676 3443 3883 3531 partis

521 3548 892 3615 defendenti
935 3560 1324 3638 potestatem
1361 3552 1514 3641 lege
1556 3553 1691 3619 lata
1733 3552 2098 3642 abrogaret.

765 3690 873 3757 Ex
911 3692 1179 3759 Valerio
1219 3692 1509 3761 Maximo
1552 3694 1622 3761 hi
1662 3696 2026 3786 apponendi
2063 3697 2193 3763 loci
2257 3706 2439 3765 sunt:
2526 3696 2583 3781 I,
2626 3699 2702 3763 4:
2774 3696 2985 3767 Ma‘le
3026 3696 3359 3763 tribunatu
3400 3706 3584 3785 gesto
3632 3699 3880 3765 occisus

519 3811 617 3869 est
661 3826 700 3869 a
742 3802 1046 3895 Scipione
1085 3804 1366 3891 Nasica3
1411 3806 1531 3893 IV,
1575 3808 1634 3889 7,
1684 3812 1751 3874 1:
1814 3806 2212 3875 Inimicus
2253 3810 2503 3898 patriae
2544 3810 2745 3877 fuisse
2773 3808 2889 3875 Ti.
2939 3808 3272 3880 Gracchus
3316 3809 3719 3877 existimatus
3764 3820 3881 3896 est,

517 3939 664 3982 nec
705 3916 1144 4002 immerite,
1211 3918 1365 4007 quia
1404 3920 1760 4008 potentiam
1801 3943 1983 3986 suam
2027 3922 2222 3987 saluti
2265 3922 2403 3989 eius
2444 3923 2871 4011 praetulerat3
2929 3921 3025 4004 V,
3070 3920 3141 4003 3,
3185 3924 3259 3987 2:
3326 3920 3571 3989 Nasica
3632 3924 3883 4012 pesti-

518 4029 698 4095 fera
733 4028 842 4094 Ti.
892 4027 1176 4096 Gracchi
1217 4054 1415 4097 manu
1456 4030 1746 4096 faucibus
1791 4054 2264 4121 oppressam
2305 4058 2442 4101 rem
2484 4036 2810 4125 publicam
2866 4035 3394 4122 strangulari
3456 4059 3686 4124 passus
3751 4061 3885 4103 non

521 4151 653 4227 est3
711 4140 845 4225 VI,
889 4142 960 4224 3,
1011 4144 1076 4205 1:
1195 4140 1479 4209 Gracchi
1536 4152 1773 4209 statum
1817 4144 2092 4211 civitatis
2137 4147 2353 4212 conati
2397 4158 2584 4213 erant
2623 4148 3003 4214 convellere.
3076 4146 3247 4232 VII,
3303 4148 3374 4231 2,
3419 4148 3458 4213 6
3499 4150 3881 4237 sapientiam

515 4252 850 4343 praedicat
891 4264 1154 4320 senatus
1177 4304 1194 4337 ,
1282 4254 1392 4342 qui
1437 4254 1539 4320 Ti.
1589 4253 1955 4323 Gracchum
1999 4260 2144 4325 trib.
2188 4260 2278 4348 pl.
2325 4258 2647 4347 agrariam
2691 4261 2905 4347 legem
2946 4260 3360 4349 promulgare
3406 4284 3633 4327 ausum
3674 4274 3883 4329 morte

517 4365 816 4431 multavit
858 4376 924 4431 et
967 4365 1520 4455 gravissimae
1565 4368 2014 4436 seditionis
2058 4371 2284 4438 codem
2327 4380 2619 4457 tempore
2663 4382 2729 4437 et
2772 4383 3098 4460 auctorem
3142 4381 3206 4437 et
3248 4396 3508 4439 causam
3550 4375 3827 4441 sustulit.

765 4506 1202 4586 Quintilianus
1267 4510 1346 4575 dc
1403 4510 1600 4575 instit.
1661 4522 1822 4577 orat.
1883 4513 2026 4598 III,
2092 4516 2132 4578 7
2173 4515 2331 4580 haec
2387 4514 2572 4580 dicit:
2635 4524 3023 4603 parentes
3084 4516 3475 4582 malorum
3544 4514 3877 4585 odimus.

520 4618 752 4708 Itaque
795 4621 1039 4686 invisae
1086 4631 1234 4686 sunt
1279 4612 1722 4689 Gracchorum
1765 4626 1980 4711 leges:
2060 4637 2125 4692 et
2171 4627 2224 4692 si
2267 4626 2445 4715 quod
2488 4638 2587 4693 est
2630 4628 2991 4715 exemplum
3037 4626 3324 4693 deforme
3366 4631 3641 4717 posteris
3684 4631 3879 4697 tradi-

519 4741 676 4798 tum.
749 4733 874 4798 Vel
914 4732 962 4799 J
967 4733 1255 4799 uvenalis
1300 4735 1475 4800 satir.
1517 4734 1624 4819 II,
1669 4737 1750 4801 24
1792 4760 2172 4804 consensum
2199 4748 2491 4805 veterum
2516 4738 2799 4807 Gracchi
2829 4740 3008 4827 leges
3030 4739 3534 4829 improbantium
3564 4751 3877 4811 testatur:

1323 4862 1483 4943 Quis
1525 4866 1741 4932 tulerit
1787 4864 2120 4933 Gracchos
2164 4866 2243 4932 de
2285 4868 2602 4935 seditione
2644 4869 3037 4958 querentes?

427 4966 434 4976 ’
519 4972 756 5039 Mirum
799 4984 900 5039 est
940 4976 1118 5063 quod
1161 4978 1266 5043 vel
1311 4976 1556 5044 Caesar
1598 4978 1677 5043 de
1717 4979 1866 5045 bell.
1913 4978 2079 5045 civil.
2127 4978 2180 5064 Ι,
2226 4982 2285 5064 7,
2330 4982 2391 5063 5,
2440 4990 2793 5069 postquam
2834 4982 2913 5047 de
2954 4982 3331 5070 perniciosis
3372 4985 3646 5072 legibus,
3690 4984 3771 5049 de
3812 4983 3878 5051 vi

518 5086 894 5171 tribunicia,
957 5088 1038 5155 de
1079 5091 1338 5179 templis
1382 5090 1668 5178 locisque
1709 5089 2085 5158 editioribus
2129 5093 2457 5182 occupatis
2502 5092 2697 5176 dixit,
2742 5116 2907 5182 quae
2944 5096 3164 5161 omnia
3208 5094 3540 5165 Gracchos
3585 5106 3880 5184 spectare
