4706 6078
2468 584 2561 661 14

827 799 1044 866 omnia
1085 800 1221 865 fere
1265 798 1347 864 ad
1391 823 1576 866 suum
1621 799 2030 867 commodum
2073 823 2385 889 suamque
2431 800 2775 866 utilitatem
2816 798 3162 880 referrent,
3225 796 3571 864 liberorum
3624 798 3956 866 hominum
4001 822 4209 888 opera

822 912 1085 977 omnino
1129 912 1264 976 fere
1307 912 1718 978 abstinebant
1779 921 1845 978 et
1900 912 2052 978 solis
2111 912 2245 978 fere
2287 913 2487 978 servis
2556 909 2639 976 ad
2701 933 2895 998 agros
2941 908 3245 976 colendos
3290 911 3655 975 utebantur.
3754 909 3918 977 Inde
3961 910 4201 1000 duplex

826 1023 1067 1090 civitati
1132 1033 1344 1088 ortum
1407 1025 1762 1113 periculum
1827 1032 1943 1090 est.
2072 1025 2535 1112 Agricolamm
2602 1021 2773 1088 enim
2835 1045 3106 1088 numero
3172 1021 3333 1087 adeo
3399 1021 3729 1088 deminuto
3792 1023 3903 1088 vix
3943 1033 4201 1111 poterat

825 1136 1163 1224 cognosci,
1207 1135 1378 1201 unde
1421 1136 1489 1200 in
1531 1144 1860 1224 posterum
1905 1137 2039 1224 apti
2084 1135 2164 1201 ad
2206 1137 2381 1203 bella
2433 1135 2669 1204 milites
2715 1134 3075 1225 comparari
3116 1143 3399 1224 possent.
3487 1135 3837 1222 Agricolae
3881 1135 4052 1200 enim
4096 1159 4199 1202 su-

821 1247 1181 1338 perioribus
1226 1248 1413 1313 bellis
1456 1248 1762 1313 virtutem
1804 1249 1984 1314 illam
2027 1256 2092 1312 et
2134 1247 2565 1313 constantiam
2607 1247 3099 1337 praestiterant,
3143 1270 3274 1334 qua
3314 1247 3655 1336 imperium
3696 1247 4073 1314 Romanum
4115 1247 4199 1314 ad

824 1369 1076 1427 tantum
1121 1361 1476 1447 majestatis
1516 1359 1848 1447 fastigium
1876 1369 2252 1446 provectum
2300 1370 2433 1443 est,
2480 1361 2805 1446 agricolae
2842 1361 2975 1426 suis
3024 1357 3397 1425 vulneribus
3444 1383 3689 1448 suoque
3732 1382 3959 1426 cruore
4004 1384 4199 1448 agros

823 1473 970 1538 illos
1000 1481 1550 1561 expugnaverant,
1596 1471 1707 1560 qui
1748 1471 1878 1536 iam
1917 1494 2247 1539 servorum
2291 1472 2603 1560 gregibus
2646 1472 2867 1538 referti
2908 1481 3125 1557 erant3
3169 1470 3318 1536 vide
3360 1471 3482 1536 hac
3526 1470 3605 1536 de
3646 1495 3717 1538 re
3742 1469 3976 1538 Caton.
4003 1472 4085 1538 de
4127 1496 4196 1539 re

824 1586 1042 1652 rustic.
1069 1608 1390 1674 prooem.:
1435 1607 1516 1650 ex
1559 1584 1861 1672 agricolis
1905 1594 1971 1649 et
2011 1583 2132 1650 viri
2161 1584 2497 1650 fortissimi
2540 1592 2605 1648 et
2647 1584 2880 1650 milites
2925 1583 3350 1650 strenuissimi
3392 1584 3768 1672 gignuntur.
3848 1584 4199 1651 Servorum

825 1707 1041 1765 autem
1094 1720 1360 1764 numero
1425 1697 1495 1761 in
1550 1697 1933 1762 immensum
1995 1704 2181 1761 aucto
2239 1707 2485 1784 quanta
2554 1695 2798 1762 civitati
2840 1696 3204 1762 immineret
3246 1695 3578 1762 calamitas
3598 1746 3617 1779 ,
3700 1705 3841 1763 tum
3920 1698 4199 1764 maxime

824 1812 996 1877 bello
1041 1810 1258 1876 servili
1312 1809 1378 1874 in
1423 1807 1646 1875 Sicilia
1703 1818 1842 1875 orto
1887 1808 2219 1896 cognitum
2258 1819 2374 1874 est.
2501 1805 2720 1874 Servis
2776 1807 2974 1873 etiam
3031 1806 3219 1874 liberi
3274 1806 3565 1874 homines
3620 1809 3838 1898 inopia
3878 1809 4086 1899 pressi
4129 1833 4199 1876 se

828 1923 1303 2012 adjungebant,
1380 1945 1578 2010 quum
1621 1922 1741 1987 hac
1795 1945 1926 1987 una
1978 1943 2049 1986 re
2105 1943 2188 1986 ex
2242 1921 2610 1986 tristissima
2666 1919 3031 1987 conditione
3093 1944 3165 1986 se
3222 1942 3581 1986 emersuros
3636 1943 3775 1987 esse
3832 1932 4199 2010 sperarent3

824 2033 972 2099 vide
1001 2033 1413 2099 Mommsenii
1448 2033 1594 2099 hist.
1617 2034 1698 2098 R.
1739 2033 1832 2117 11,
1863 2032 1964 2098 73.
2036 2033 2178 2100 Has
2208 2033 2613 2099 calamitates
2636 2031 2952 2098 maximas
2987 2033 3205 2116 fuisse,
3246 2032 3338 2098 ita
3380 2043 3452 2099 ut
3491 2033 3598 2099 vel
3636 2035 3911 2100 salutem
3947 2033 4201 2123 imperii

824 2145 1108 2212 Romani
1164 2145 1230 2210 in
1287 2145 1644 2235 periculum
1689 2144 2081 2211 adducturae
2125 2168 2266 2212 esse
2328 2145 2735 2227 viderentur,
2809 2167 3008 2232 quum
3069 2167 3286 2211 rerum
3344 2144 3658 2212 memoria
3712 2145 4023 2212 traditum
4080 2157 4196 2232 est,

824 2267 963 2324 tum
1008 2280 1089 2323 ex
1131 2258 1274 2346 ipsa
1315 2257 1410 2322 rei
1451 2267 1683 2323 natura
1727 2269 2011 2346 apparet.
2098 2257 2353 2323 Deinde
2398 2281 2480 2325 ex
2520 2258 2663 2345 ipso
2690 2255 2821 2323 Gai
2876 2256 3095 2322 fratris
3136 2257 3303 2339 libro
3348 2257 3605 2341 scimus,
3651 2280 3844 2347 quem
3866 2256 4196 2326 Plutarch.

825 2369 892 2435 in
935 2369 1084 2436 Tib.
1127 2369 1263 2435 vita
1304 2393 1359 2434 c.
1403 2371 1444 2435 8
1487 2379 1977 2453 commemorat,
2023 2369 2358 2436 Tiberium
2414 2393 2613 2459 quum
2668 2369 2738 2434 in
2795 2369 3183 2458 Hispaniam
3240 2370 3652 2459 proficiscens
3708 2393 3825 2459 per
3868 2371 4198 2438 Etruriam

825 2480 1107 2564 veniret,
1193 2503 1361 2568 quae
1435 2481 1768 2571 provincia
1843 2482 2348 2566 calamitatibus,
2398 2539 2413 2550 .
2434 2481 2516 2547 de
2586 2480 2820 2569 quibus
2899 2505 3097 2569 supra
3163 2481 3475 2565 diximus,
3561 2482 3850 2548 omnium
3916 2483 4199 2550 maxime

829 2593 1164 2660 devastata
1220 2604 1358 2660 erat
1371 2643 1390 2678 ‚
1463 2592 1896 2660 tristissimam
1939 2593 2172 2660 Italiae
2231 2592 2664 2662 conditionem
2720 2593 3127 2682 perspexisse
3182 2604 3247 2659 et
3288 2604 3424 2661 tum
3467 2594 3742 2683 primum
3790 2596 4073 2661 animum
4116 2594 4199 2661 ad

823 2706 1039 2794 legem
1081 2729 1265 2772 suam
1309 2705 1872 2788 animadvertisse,
1947 2729 2144 2795 quam
2184 2706 2359 2772 mala
2399 2707 2512 2771 illa
2565 2706 2965 2772 sublaturam
3024 2729 3165 2772 esse
3207 2717 3518 2796 speraret.
3606 2705 3912 2795 Denique
3954 2707 4008 2773 si
4048 2729 4199 2773 con-

827 2817 1206 2885 sideraveris
1249 2816 1692 2884 Gracchorum
1749 2827 2027 2884 mentem
2085 2841 2337 2908 semper
2388 2816 2789 2884 humanitate
2832 2827 2896 2884 et
2938 2817 3377 2886 misericordia
3418 2828 3483 2884 et
3524 2818 3813 2884 bonitate
3854 2818 4200 2885 eminuisse

827 2941 895 2996 et
947 2930 1313 2996 infimorum
1345 2932 1500 3017 jura
1541 2928 1936 3014 defendisse,
1995 2930 2361 3015 Tiberium,
2425 2931 2493 2996 in
2539 2953 2666 3019 quo
2720 2929 2844 2996 hae
2900 2931 3169 2997 virtutes
3225 2929 3511 2997 omnium
3569 2931 3851 2996 maxime
3892 2931 4201 3014 inessent,

827 3042 1049 3131 inopia
1088 3043 1313 3131 populi
1353 3052 1418 3109 et
1459 3044 1760 3131 periculis
1818 3044 2213 3134 reipublicae
2266 3044 2419 3110 inde
2477 3042 2643 3110 natis
2698 3043 3259 3110 vehementissime
3318 3054 3709 3111 commotum
3756 3066 3895 3110 esse
3938 3044 4200 3109 minime

829 3154 1099 3222 mireris,

1076 3265 1309 3354 Neque
1349 3289 1505 3333 vero
1561 3277 1662 3334 est
1704 3267 1878 3357 quod
1935 3277 2327 3351 metuentes,
2387 3292 2469 3334 ne
2524 3268 2888 3357 singulares
2932 3266 3179 3333 Tiberii
3220 3265 3489 3334 virtutes
3544 3268 3696 3334 inde
3756 3268 4198 3351 obscurentur,

829 3400 1145 3466 negemus
1173 3403 1482 3467 magnum
1505 3380 1767 3446 Tiberio
1811 3380 2142 3447 stimulum
2185 3380 2266 3445 ad
2305 3403 2413 3447 res
2456 3381 2777 3469 gerendas
2817 3380 3027 3447 laudis
3048 3380 3249 3447 fuisse
3278 3378 3693 3468 cupiditatem
3709 3389 3774 3446 et
3800 3380 4201 3447 voluntatem

833 3514 1150 3556 summam
1194 3492 1472 3580 gloriam
1516 3515 1555 3557 a
1593 3492 1942 3558 maioribus
1981 3502 2269 3583 partam,
2327 3503 2645 3582 quatenus
2700 3493 2842 3583 ipse
2900 3503 3154 3582 posset,
3210 3491 3511 3559 servandi
3562 3502 3627 3559 et
3682 3491 3987 3581 augendi.
4093 3491 4199 3559 Ne

831 3602 991 3669 illud
1033 3602 1326 3692 quidem,
1370 3626 1498 3692 quo
1541 3603 1802 3693 plurimi
1841 3615 2095 3672 veteres
2139 3606 2483 3695 scriptores
2525 3605 2805 3672 maxime
2840 3604 3177 3672 Tiberium
3220 3604 3303 3670 ad
3345 3607 3559 3693 legem
3603 3603 3935 3671 ferendam
3978 3603 4200 3670 stimu-

830 3716 1035 3781 latum
1079 3738 1222 3781 esse
1263 3715 1562 3799 tradunt,
1626 3717 1748 3782 etsi
1799 3738 1933 3782 non
1970 3715 2179 3805 primo
2221 3717 2367 3784 loco
2411 3716 2785 3808 ponendum
2824 3726 3017 3806 puto,
3078 3716 3239 3783 nihil
3284 3717 3549 3783 omnino
3592 3717 3674 3782 ad
3716 3716 4049 3783 Tiberium
4089 3740 4199 3782 va-

830 3828 1027 3894 luisse
1055 3827 1267 3913 credo,
1313 3827 1602 3895 dolorem
1631 3838 1696 3896 et
1729 3827 2180 3917 indignitatem
2213 3830 2559 3920 improbati
2601 3828 2879 3897 foederis
2894 3830 3294 3912 Numantini,
3340 3830 3520 3896 cuius
3542 3830 3679 3919 ipse
3711 3838 3934 3895 auctor
3962 3829 4198 3895 fuerat.

831 3940 1097 4006 Etenim
1140 3940 1197 4005 si
1236 3940 1350 4007 illo
1395 3942 1688 4025 foedere,
1753 3941 1820 4007 id
1878 3940 2051 4030 quod
2106 3942 2334 4031 negari
2375 3966 2509 4009 non
2550 3952 2765 4032 potest
2778 3993 2797 4028 ‚
2853 3952 3029 4009 totus
3072 3941 3389 4008 exercitus
3448 3944 3531 4009 ab
3588 3941 3849 4009 interitu
3906 3950 4199 4037 servatus

833 4062 963 4137 est,
1027 4052 1273 4118 Tiberii
1330 4054 1492 4119 iram
1550 4054 1616 4119 in
1661 4063 1986 4139 senatum,
2072 4054 2183 4143 qui
2238 4077 2378 4121 rem
2430 4055 2555 4145 ipsi
2608 4054 3124 4121 honestissimam
3164 4055 3231 4120 in
3274 4054 3690 4143 opprobrium
3734 4064 3799 4120 et
3842 4054 4200 4144 periculum

831 4173 1130 4247 verteret,
1172 4164 1736 4233 vehementissime
1778 4190 1920 4234 esse
1962 4177 2348 4233 commotam
2390 4191 2524 4234 non
2564 4177 2662 4234 est
2702 4167 2935 4235 mirum
2952 4217 2972 4251 ,
3036 4167 3276 4257 quippe
3319 4166 3432 4256 qui
3471 4167 3639 4233 hene
3679 4166 3871 4233 sciret
3905 4177 4200 4233 senatum

835 4299 967 4342 non
1031 4300 1190 4343 vera
1244 4278 1455 4366 gloria
1509 4287 1574 4345 et
1627 4279 2020 4369 reipublicae
2076 4279 2356 4346 ufilitate
2411 4279 2588 4369 regi,
2659 4279 2773 4347 sed
2825 4280 3108 4370 partium
3162 4279 3517 4346 commodis
3572 4279 3975 4368 singulorum
4030 4280 4203 4347 facta

835 4389 1067 4455 metiri.

1079 4501 1288 4568 Porro
1331 4525 1475 4567 cum
1521 4502 1796 4568 sciamus
1851 4502 2002 4569 inde
2047 4527 2086 4569 a
2125 4504 2334 4593 primo
2391 4512 2681 4593 tempore
2696 4554 2715 4587 ,
2779 4528 2907 4593 quo
2951 4505 3252 4572 Tiberius
3312 4504 3506 4571 rebus
3562 4504 3835 4592 publicis
3891 4503 4199 4570 interesse

832 4614 1181 4703 coepisset,
1267 4614 1556 4680 omnium
1613 4615 1833 4681 oculos
1893 4616 1963 4679 in
2011 4638 2157 4682 eum
2201 4639 2549 4682 conversos
2605 4616 2805 4682 fuisse
2869 4638 3313 4703 summamque
3371 4615 3451 4682 de
3508 4639 3585 4682 eo
3652 4616 3964 4705 populum
4017 4638 4201 4705 spem

834 4734 900 4791 et
940 4726 1484 4815 exspectationem
1528 4728 1899 4816 concepisse
1942 4751 2254 4816 eumque,
2308 4728 2421 4794 ubi
2461 4728 2742 4816 primum
2782 4738 3002 4795 vetera
3043 4728 3159 4794 illa
3199 4728 3597 4817 reipublicae
3652 4728 3888 4795 damna
3943 4738 4200 4795 sanatu-

834 4860 945 4905 rus
1005 4838 1366 4923 videretur,
1466 4840 1926 4906 acclamatione
1991 4849 2055 4905 et
2123 4841 2592 4929 approbatione
2648 4840 3077 4930 omnibusque
3134 4840 3410 4908 stimulis
3466 4841 3781 4907 excitasse
3846 4850 4041 4930 atque
4114 4841 4200 4907 ad

833 4975 914 5018 ea
957 4952 1369 5041 exsequenda
1424 4976 1591 5041 quae
1631 4952 1756 5019 sibi
1795 4953 2236 5042 proposuisset
2277 4953 2643 5043 impulisse,
2714 4976 2843 5019 non
2888 4952 3265 5019 mirabimur
3308 4954 3640 5021 Tiberium
3699 4977 3951 5020 summa
4005 4976 4201 5020 verae

835 5063 1044 5131 laudis
1073 5059 1436 5154 *cupiditate
1480 5089 1820 5133 accensum
1866 5066 1933 5132 in
1978 5064 2244 5133 consilio
2289 5090 2406 5134 suo
2419 5119 2438 5152 ,
2483 5065 2658 5156 quod
2702 5075 2766 5132 et
2809 5066 3084 5154 singulis
3128 5075 3193 5132 et
3234 5068 3355 5133 toti
3396 5067 3789 5155 reipublicae
3812 5066 4203 5133 salutarissi-
