4706 6078
2498 585 2593 665 18

857 837 1049 881 nemo
1107 839 1240 882 non
1300 814 1476 881 videt
1495 866 1514 900 ‚
1614 816 1774 881 haec
1837 815 2184 904 superioris
2242 818 2471 883 aetatis
2526 817 2823 906 exempla
2878 817 3141 906 expiata
3194 839 3337 883 0000
3394 817 3619 906 pergit
3660 814 3996 883 Saturnini
4040 824 4234 902 atque

861 924 1307 994 Gracchorum
1351 929 1624 994 casibus.

1107 1040 1294 1106 Haec
1334 1041 1440 1107 vel
1483 1064 1595 1106 eos
1639 1039 1951 1124 homines,
1998 1040 2110 1128 qui
2151 1063 2385 1107 causae
2424 1041 2724 1130 populari
2767 1041 3079 1124 faverent,
3124 1041 3204 1106 de
3228 1039 3544 1107 Gracchis
3587 1062 3939 1128 eorumque
3980 1039 4236 1126 legibus

867 1151 1159 1218 iudicare
1203 1153 1294 1218 ita
1338 1152 1594 1218 demum
1637 1161 1854 1241 potest
1895 1152 2212 1240 intelligi,
2280 1153 2334 1218 si
2388 1153 2898 1242 reputaverimus
2954 1155 3094 1218 sola
3145 1154 3319 1218 mala
3360 1176 3442 1219 ex
3482 1152 3737 1241 legibus
3776 1153 3904 1218 illis
3946 1152 4239 1241 profecta

855 1263 939 1329 iis
976 1274 1126 1329 ante
1157 1266 1376 1331 oculos
1401 1274 1661 1330 versata
1703 1287 1876 1349 esse3
1923 1287 2069 1330 cum
2115 1274 2328 1330 autem
2376 1267 2557 1354 leges
2600 1265 2914 1331 malorum
2960 1289 3153 1331 causa
3197 1276 3429 1348 essent,
3475 1266 3647 1354 ipsas
3691 1267 3870 1353 leges
3914 1264 4232 1352 improbae

855 1385 1109 1441 verunt.
1209 1377 1415 1465 Atqui
1471 1376 1662 1442 valde
1726 1376 2072 1444 verisimile
2129 1387 2228 1442 est
2275 1375 2722 1444 Gracchorum
2784 1376 3037 1464 legibus
3096 1401 3226 1443 non
3291 1379 3439 1443 latis
3500 1378 3628 1443 alia
3688 1377 3861 1443 mala
3928 1386 4235 1464 eruptura

859 1487 1093 1571 fuisse,
1160 1511 1326 1576 quae
1386 1489 1662 1555 fortasse
1699 1512 1852 1574 *non
1895 1490 2105 1554 minus
2147 1489 2465 1556 violenter
2506 1513 2643 1556 rem
2685 1489 3010 1578 publicam
3048 1490 3557 1577 perturbassent.
3685 1489 3947 1556 Deinde
3988 1511 4069 1554 ne
4112 1489 4235 1554 hoc

863 1600 1125 1688 quidem
1154 1611 1371 1690 potest
1385 1601 1616 1690 negari
1637 1601 1882 1667 Tiberii
1899 1611 1965 1666 et
1985 1599 2114 1667 Gai
2133 1600 2579 1668 Gracchorum
2598 1602 2867 1667 consilia
2881 1612 2946 1667 et
2965 1602 3249 1667 rationes
3273 1603 3339 1667 in
3382 1603 3575 1668 rebus
3617 1601 3892 1690 publicis
3936 1599 4235 1689 gerendis

863 1714 969 1778 vel
1010 1715 1290 1779 maxime
1333 1715 1502 1780 inter
1543 1735 1614 1779 se
1660 1711 1952 1798 differre3
2039 1712 2248 1779 Gaius
2293 1715 2463 1779 enim
2507 1714 2668 1781 nihil
2712 1713 2885 1781 aliud
2928 1714 3262 1803 spectabat
3302 1715 3426 1779 nisi
3468 1724 3541 1780 ut
3596 1715 3971 1804 optimates,
4040 1736 4235 1801 quam

859 1826 1206 1891 factionem
1250 1827 1344 1892 rei
1386 1824 1688 1915 publicae
1733 1825 2070 1892 exitiosam
2115 1827 2421 1913 putabat,
2468 1851 2507 1892 a
2548 1827 2807 1893 civitate
2848 1826 3271 1914 gubernanda
3312 1827 3505 1914 plane
3548 1837 3927 1893 removeret.
4014 1823 4235 1892 Nihilo

860 1937 1074 2003 minus
1135 1948 1349 2003 autem
1415 1937 1630 2004 solent
1690 1947 1944 2003 veteres
1989 1937 2434 2004 Gracchorum
2479 1940 2762 2006 actiones
2803 1940 3095 2028 publicas
3133 1940 3517 2027 plerumque
3558 1938 3982 2021 confundere,
4049 1937 4233 2025 quasi

856 2051 1114 2138 utrique
1173 2049 1341 2116 idem
1399 2051 1628 2116 fuisset
1680 2049 2102 2138 propositum.
2233 2050 2385 2140 Ipse
2428 2051 2728 2119 Tiberius
2785 2062 3042 2141 postea,
3131 2075 3275 2116 cum
3332 2051 3675 2140 optimates
3743 2051 3905 2116 nihil
3962 2050 4043 2115 de
4100 2049 4233 2114 suis

861 2161 1172 2228 decedere
1217 2172 1283 2228 et
1327 2161 1589 2251 optimis
1632 2162 1914 2230 consiliis
1958 2163 2089 2228 suis
2143 2163 2551 2230 tenacissima
2606 2163 3037 2230 obstinatione
3094 2165 3393 2229 resistere
3448 2163 3753 2246 vidisset,
3838 2164 3937 2228 ira
3976 2173 4043 2228 et
4086 2185 4235 2226 exa-

860 2276 1230 2342 cerbatione
1292 2273 1372 2338 ad
1432 2274 1606 2340 facta
1667 2284 1733 2340 et
1786 2274 1965 2362 leges
2023 2275 2235 2340 minus
2287 2275 2659 2363 probandas
2707 2275 3009 2364 abreptus
3054 2285 3171 2342 est.
3259 2275 3455 2341 Volui
3513 2276 3715 2361 igitur
3771 2274 4233 2358 demonstrare,

860 2413 1059 2476 quum
1101 2389 1313 2476 legem
1361 2392 1681 2474 agrariam
1728 2411 1767 2452 a
1809 2387 2039 2452 ceteris
2083 2387 2326 2452 Tiberii
2371 2389 2555 2454 factis
2598 2412 2729 2455 non
2772 2401 2844 2454 ut
2884 2412 3004 2476 par
3044 2388 3165 2453 fuit
3204 2400 3456 2454 veteres
3500 2387 4005 2475 distinguerent,
4070 2386 4234 2451 vitu-

856 2501 1254 2589 perationem
1274 2549 1291 2580 ,
1357 2521 1524 2587 quae
1566 2508 1740 2564 recte
1783 2499 1849 2562 in
1894 2499 2053 2564 haec
2095 2498 2567 2583 intenderetur,
2633 2501 2826 2566 etiam
2873 2499 2956 2565 ad
2998 2501 3176 2566 illam
3218 2499 3540 2566 recidisse.
3628 2499 3861 2589 Itaque
3914 2499 4037 2564 hoc
4090 2498 4230 2564 1000

859 2613 1211 2694 attulimus,
1257 2634 1422 2699 quae
1452 2634 1491 2675 a
1517 2611 1845 2677 veteribus
1876 2613 2299 2678 communiter
2328 2611 2409 2676 de
2444 2610 2757 2679 Gracchis
2800 2635 3154 2700 eorumque
3198 2612 3425 2677 studiis
3459 2611 3842 2698 iudicantur,
3888 2611 4073 2699 quasi
4102 2611 4232 2675 iam

859 2725 1008 2791 Tib.
1053 2723 1335 2791 Gracchi
1391 2725 1499 2789 lex
1541 2724 1622 2789 ad
1663 2725 2115 2811 aequationem
2159 2725 2475 2791 bonorum
2519 2723 2968 2813 pertinuisset,
3055 2747 3185 2812 qua
3238 2724 3496 2812 quidem
3554 2735 3735 2813 peste
3799 2723 3979 2788 nulla
4018 2732 4234 2811 potest

858 2837 1064 2903 maior
1091 2858 1250 2901 esse.
1317 2837 1502 2924 Ager
1524 2836 1822 2925 publicus
1851 2837 2024 2902 enim
2057 2859 2200 2902 cum
2247 2835 2667 2902 diuturnitate
2708 2837 3135 2926 possessionis
3165 2861 3203 2902 a
3228 2837 3481 2926 privato
3525 2837 3775 2904 secerni
3818 2859 3948 2901 non
3990 2845 4230 2924 posset,

859 2951 972 3038 qui
1017 2972 1244 3036 agrum
1290 2948 1620 3035 publicum
1665 2947 2081 3014 dividendum
2141 2972 2284 3014 esse
2347 2949 2494 3014 tulit
2536 2971 2640 3014 res
2685 2959 2749 3014 et
2788 2950 2961 3015 bona
3003 2950 3405 3036 singulorum
3461 2959 3829 3038 pervertere
3882 2949 4059 3014 visus
4114 2956 4231 3012 est.

856 3062 940 3128 In
980 3063 1205 3151 primis
1251 3070 1499 3142 autem,
1588 3062 1798 3150 inquit
1858 3059 2087 3128 Cicero
2146 3061 2228 3126 de
2273 3062 2439 3127 offic.
2486 3061 2577 3125 II.
2624 3061 2738 3145 21,
2782 3062 2861 3125 73
2880 3112 2899 3146 ,
2944 3062 3003 3127 01
3044 3061 3392 3127 videndum
3434 3063 3575 3145 erit,
3620 3063 3731 3151 qui
3772 3061 4233 3151 rempublicam

860 3173 1357 3258 administrabit,
1400 3183 1472 3239 ut
1514 3196 1701 3239 suum
1745 3174 2018 3261 quisque
2061 3183 2280 3239 teneat
2318 3196 2531 3261 neque
2573 3172 2653 3239 de
2692 3174 2879 3240 bonis
2922 3174 3320 3263 privatorum
3361 3174 3619 3262 publice
3662 3174 4013 3241 deminutio
4054 3174 4187 3239 fiat.

1108 3284 1356 3352 Contra
1397 3285 1730 3371 Tiberius,
1787 3286 1968 3351 cuius
2013 3286 2226 3351 animo
2269 3309 2522 3352 summa
2562 3286 2991 3353 multitudinis
3034 3287 3253 3376 inopia
3295 3287 3759 3353 obversabatur
3801 3296 3867 3351 et
3908 3296 4115 3352 metus
4156 3294 4229 3351 ut

857 3398 1229 3488 respublica
1269 3398 1394 3463 nisi
1435 3398 1630 3464 rebus
1676 3397 1930 3464 afflictis
1986 3397 2306 3463 medelam
2367 3398 2699 3464 adhiberet
2754 3399 2991 3465 diutius
3059 3410 3234 3465 stare
3293 3408 3544 3487 posset,
3629 3398 3697 3462 in
3755 3398 4040 3465 consiliis
4098 3398 4228 3463 suis

852 3510 1066 3597 magis
1123 3510 1317 3576 etiam
1377 3510 1794 3576 confirmatus
1848 3518 1947 3575 est
2003 3532 2399 3575 summorum
2463 3512 2745 3577 virorum
2812 3512 3195 3578 auctoritate
3254 3511 3470 3599 legem
3542 3534 3723 3577 suam
3791 3511 4226 3600 probantium,

859 3645 1140 3711 eumque
1189 3632 1265 3687 ut
1304 3622 1371 3687 in
1428 3622 1763 3713 proposito
1806 3632 2250 3710 perseveraret
2304 3621 2814 3705 adhortantium,
2899 3624 3099 3713 Appii
3142 3622 3400 3690 Claudii
3458 3623 3665 3690 soceri
3721 3623 3840 3706 sui,
3884 3622 3959 3688 P.
4006 3620 4227 3689 Crassi

851 3735 1140 3802 Muciani
1212 3735 1323 3824 qui
1405 3735 1561 3800 iuris
1637 3734 2073 3821 intelligentia
2145 3734 2499 3823 praestitit,
2588 3736 2662 3799 P.
2730 3734 2928 3801 Mucii
2988 3733 3341 3801 Scaevolae
3401 3735 3556 3801 iuris
3618 3735 4009 3824 peritissimi.
4097 3732 4226 3812 Qui

859 3846 1088 3936 optimi
1143 3857 1209 3912 et
1266 3846 1719 3935 sapientissimi
1771 3846 1892 3912 viri
1949 3882 2032 3893 -·-
2085 3846 2234 3912 vide
2278 3845 2488 3913 Cicer.
2548 3846 2727 3912 acad.
2792 3848 2988 3936 prior.
3034 3846 3128 3931 II,
3168 3848 3229 3931 5,
3276 3848 3351 3911 13
3394 3884 3475 3894 —
3533 3869 3681 3913 cum
3724 3847 3973 3914 Tiberii
4013 3848 4226 3934 legem

852 3959 1238 4048 probarent,
1284 3982 1556 4047 quorum
1601 3958 1906 4024 iudicium
1953 3957 2032 4023 de
2074 3958 2211 4024 iure
2255 3968 2320 4023 et
2362 3959 2638 4025 utilitate
2682 3960 2847 4047 legis
2891 3960 3309 4025 iustissimum
3354 3969 3419 4025 et
3460 3959 4038 4048 locupletissimum
4082 3958 4224 4041 fuit,

859 4072 1204 4160 optimates
1232 4094 1385 4136 vero
1428 4094 1546 4160 pro
1592 4094 1710 4137 sua
1753 4070 2028 4135 utilitate
2073 4071 2330 4159 suisque
2375 4071 2727 4137 commodis
2772 4096 3021 4137 summa
3063 4072 3205 4138 cum
3254 4072 3686 4138 obstinatione
3711 4079 4222 4161 propugnarent,

851 4183 994 4248 fieri
1049 4207 1180 4248 non
1237 4183 1482 4272 potuit,
1569 4184 1724 4271 quin
1791 4184 1992 4249 otium
2055 4184 2134 4249 in
2199 4184 2509 4272 optima
2571 4184 3040 4272 republica,
3125 4196 3199 4250 ut
3256 4184 3345 4249 ait
3388 4182 3617 4251 Cicero
3676 4184 3743 4249 in
3801 4183 3983 4249 acad.
4026 4183 4221 4273 prior.

857 4296 999 4361 libr.
1045 4296 1154 4380 II,
1211 4298 1250 4361 5
1266 4346 1284 4379 ,
1335 4298 1409 4362 15
1424 4346 1443 4379 ,
1506 4296 2014 4385 perturbaretur.
2102 4294 2467 4384 Optimates
2510 4296 2563 4361 si
2607 4297 2711 4361 vel
2752 4297 3086 4361 minimum
3129 4296 3473 4362 cessissent
3516 4307 3581 4362 et
3622 4296 3917 4362 nonnihil
3960 4294 4222 4361 Tiberio

849 4407 1312 4491 indulsissent,
1377 4431 1508 4474 non
1549 4407 1770 4474 dubito
1815 4407 1971 4495 quin
2015 4406 2351 4491 Tiberius,
2419 4430 2546 4495 qua
2589 4408 2709 4472 fuit
2753 4412 3072 4495 aequitate
3116 4419 3180 4475 et
3221 4408 3703 4492 benevolentia,
3758 4408 3955 4496 justis
3999 4430 4223 4474 eorum

853 4521 1132 4607 querelis
1199 4542 1417 4587 aurem
1482 4520 1894 4609 praebiturus
1938 4529 2004 4586 et
2047 4543 2439 4609 quamquam
2505 4520 2803 4585 maximis
2859 4519 3169 4607 impedita
3222 4521 3344 4587 fuit
3387 4520 3872 4587 difficultatibus
3918 4542 4224 4608 agrorum

852 4630 1114 4717 divisio,
1169 4656 1307 4698 rem
1348 4656 1467 4722 per
1507 4656 1733 4722 pacem
1778 4642 1842 4697 et
1884 4633 2295 4698 concordiam
2337 4632 2807 4721 compositurus
2848 4633 3059 4698 fuerit.

1099 4745 1267 4814 Utut
1310 4756 1525 4811 autem
1585 4768 1688 4811 res
1743 4744 1905 4827 fuit,
1996 4767 2163 4832 quae
2219 4744 2429 4810 adhuc
2484 4744 2564 4810 de
2608 4729 2891 4809 Tiberio‘
2925 4746 3246 4833 persecuti
3303 4770 3543 4828 sumus,
3602 4768 3733 4811 non
3775 4754 4048 4835 possunt
4090 4766 4221 4809 non

852 4857 1120 4946 probari
1165 4868 1230 4923 et
1272 4857 1542 4925 laudari.
1631 4855 1763 4923 Sed
1806 4856 1959 4921 inde
2000 4880 2104 4922 res
2150 4858 2337 4922 aliter
2378 4857 2574 4925 cessit
2616 4868 2810 4945 atque
2853 4857 2992 4945 ipse
3036 4858 3157 4924 sibi
3201 4858 3499 4923 Tiberius
3544 4858 3728 4923 initio
3771 4866 4219 4947 proposuerat.

1099 4969 1463 5060 Optimates
1499 4970 1698 5057 igitur
1739 4969 2112 5035 nitebantur
2152 4967 2218 5035 in
2244 4968 2491 5035 Tiberii
2534 4970 2765 5055 legem,
2812 4978 2923 5035 aut
2969 4970 3119 5057 quia
3160 4993 3350 5037 nemo
3390 4971 3525 5037 fere
3569 4970 3649 5036 de
3691 4971 3823 5036 suis
3867 4969 4220 5059 quidquam

849 5082 1146 5147 amittere
1186 5081 1359 5163 vult,
1446 5090 1556 5147 aut
1599 5080 1773 5169 quod
1826 5082 1959 5148 suis
2013 5090 2266 5149 tantum
2309 5082 2662 5148 commodis
2703 5080 3115 5171 providentes
3178 5082 3604 5149 multitudinis
3671 5107 3775 5150 res
3841 5082 4218 5171 desperatas
