4706 6078
2143 584 2234 658 15

507 839 684 882 mum
727 814 1157 898 existimaret,
1222 815 1316 882 ita
1357 837 1500 880 esse
1541 813 2024 900 confirmatum,
2081 827 2153 884 ut
2209 817 2407 882 nullis
2465 837 2548 882 ne
2604 813 3005 902 gravissimis
3066 813 3328 902 quidem
3386 812 3871 881 difficultatibus

505 938 572 995 et
612 927 914 1016 periculis
969 928 1051 993 ab
1110 927 1368 1016 incepto
1425 925 1888 1011 deterreretur,
1969 927 2208 996 nedum
2271 927 2457 994 vanis
2515 927 2923 1016 optimatium
2996 927 3355 994 rationibus
3416 927 3482 992 in
3538 926 3679 992 sola
3734 926 3871 992 fere

504 1039 777 1107 avaritia
819 1047 884 1104 et
927 1038 1359 1104 obstinatione
1399 1038 1648 1127 positis.
1753 1038 2140 1106 Rectissime
2183 1040 2385 1128 igitur
2440 1037 2723 1127 Appian.
2770 1039 2849 1104 de
2905 1038 3054 1104 bell.
3100 1038 3267 1105 civil.
3314 1038 3371 1121 1,
3418 1039 3493 1104 11
3538 1037 3872 1104 Tiberium

502 1149 658 1218 dicit
697 1151 972 1216 utilitate
1015 1150 1181 1237 legis
1225 1173 1380 1216 suae
1422 1150 1766 1234 sublatum,
1811 1152 2050 1240 quippe
2093 1174 2264 1240 quae
2305 1174 2443 1218 rem
2488 1161 2809 1239 spectaret
2848 1150 3302 1240 gravissimam
3347 1150 3598 1240 totique
3635 1149 3869 1216 ltaliae

501 1262 1019 1346 saluberrimam,
1065 1261 1474 1330 difficultates
1518 1261 1671 1327 inde
1717 1273 1903 1329 natas
1948 1286 2031 1329 ne
2075 1262 2611 1360 animadvertisse
2656 1263 2941 1352 quidem.

745 1373 1102 1463 Postquam
1145 1383 1360 1439 autem
1405 1372 1484 1440 de
1525 1374 1882 1441 rationibus
1926 1375 2160 1464 quibus
2203 1375 2505 1443 Tiberius
2549 1374 2631 1441 ad
2673 1375 3009 1441 ferendam
3050 1376 3219 1440 hanc
3273 1375 3491 1463 legem
3550 1373 3867 1440 adductus

502 1486 586 1554 sit
625 1487 1073 1570 tractavimus,
1134 1487 1340 1552 altera
1395 1485 1599 1552 oritur
1654 1488 1948 1576 quaestio
2007 1487 2088 1554 de
2144 1489 2310 1576 legis
2353 1488 2493 1554 iure
2536 1497 2603 1553 et
2643 1487 2953 1568 utilitate,
3020 1486 3348 1576 aequitate
3392 1497 3459 1553 et
3498 1485 3865 1575 prudentia.

501 1599 694 1666 Hanc
759 1599 1206 1686 quaestionem
1249 1608 1315 1664 et
1359 1596 1721 1686 antiquiore
1776 1610 1842 1665 et
1893 1601 2252 1667 recentiore
2301 1610 2512 1666 aetate
2584 1623 2623 1665 a
2663 1598 2861 1664 variis
2918 1599 3095 1664 varie
3150 1609 3495 1666 tractatam
3552 1621 3693 1664 esse
3708 1648 3727 1682 ,
3787 1620 3869 1664 ex

499 1721 732 1777 natura
771 1710 868 1777 rei
906 1711 1314 1800 perspicuum
1358 1719 1470 1776 est.
1556 1710 1706 1776 Hoc
1745 1712 1888 1778 loco
1933 1713 2278 1800 quominus
2321 1711 2583 1801 copiose
2626 1735 2770 1778 eam
2810 1733 3292 1800 persequamur,
3336 1711 3529 1777 nimis
3572 1711 3867 1798 angustis

501 1823 732 1912 quibus
773 1822 936 1889 haec
977 1823 1432 1888 commentatio
1477 1822 1959 1912 circumscripta
2001 1835 2100 1890 est
2141 1824 2433 1891 terminis
2474 1822 2909 1912 prohibemur.
2997 1822 3264 1911 Optime
3307 1823 3749 1890 disseruerunt
3788 1821 3869 1888 de

503 1958 580 2001 ea
620 1935 940 2001 Heeren
981 1934 1155 2019 „Die
1185 1931 1702 2001 Staatsuuruhen
1745 1934 1858 2002 der
1903 1934 2288 2002 Gracchen“
2329 1937 2411 2000 66
2456 1959 2635 2025 sqq.;
2680 1934 2935 2001 Peter
2978 1935 3147 2019 „Die
3190 1935 3505 2024 Epochen
3548 1934 3663 2001 der
3705 1934 3868 2001 Ver-

499 2046 1172 2135 fassungsgeschichte
1215 2044 1330 2113 der
1370 2046 1734 2112 romischen
1775 2047 2146 2136 Republik“
2189 2049 2341 2133 1443
2390 2045 2506 2114 Ge
2521 2047 2821 2136 ettling
2861 2044 3301 2132 „Geschichte
3344 2047 3459 2114 der
3499 2047 3867 2114 romischen

501 2158 1147 2246 Staatsverfassung“
1208 2159 1367 2242 4323
1451 2157 1777 2224 Rudorf
1782 2159 1817 2224 f
1861 2159 2047 2244 „Das
2087 2161 2535 2249 Ackergesetz
2578 2160 2691 2226 des
2736 2157 3009 2250 Spurius
3053 2160 3377 2228 Thorius“
3432 2185 3497 2249 p.
3542 2159 3655 2243 253
3721 2157 3869 2223 vide

501 2272 698 2340 etiam
741 2294 908 2359 quae
951 2270 1248 2337 Niebuhr
1290 2279 1355 2336 et
1395 2270 1762 2336 Mommsen
1805 2270 1884 2336 de
1927 2295 2007 2339 ea
2047 2281 2507 2362 exposuerunt.

745 2382 1081 2449 Permulta
1120 2405 1238 2470 pro
1282 2383 1450 2470 lege,
1494 2384 1700 2450 multa
1741 2393 1967 2450 contra
2007 2385 2222 2473 legem
2267 2384 2583 2474 disputari
2622 2395 2915 2473 possunt.
3001 2382 3469 2472 Inquirendum
3508 2383 3709 2471 igitur
3751 2391 3869 2468 est,

501 2505 716 2563 utrum
758 2495 1101 2562 commoda
1140 2518 1220 2562 ex
1261 2496 1410 2582 lege
1452 2505 1596 2561 orta
1635 2495 1884 2561 maiora
1925 2495 2166 2562 fuerint
2207 2507 2274 2562 et
2315 2496 2401 2562 ad
2442 2498 2750 2563 maiorem
2792 2496 3129 2564 hominum
3163 2518 3500 2563 numerum
3541 2495 3866 2584 pertinue-

495 2609 658 2691 rint,
715 2630 912 2697 quam
954 2606 1364 2674 difficultates
1406 2616 1472 2673 et
1513 2607 1926 2692 acerbitates,
1991 2630 2152 2696 quas
2192 2632 2587 2698 permagnas
2628 2609 2698 2674 in
2741 2632 2821 2675 ea
2862 2609 3131 2675 infuisse
3172 2631 3418 2696 negare
3460 2632 3597 2674 non
3636 2631 3868 2697 possu-

498 2743 663 2786 mus.
747 2718 798 2787 J
800 2743 906 2786 am
948 2743 1146 2807 supra
1185 2718 1801 2804 demonstravimus,
1860 2720 2070 2810 qualis
2113 2732 2254 2787 tum
2291 2719 2489 2788 fuerit
2530 2719 2763 2788 Italiae
2806 2731 3032 2806 status,
3076 2730 3477 2809 quantopere
3520 2730 3783 2786 senatus
3827 2744 3868 2787 a

498 2831 816 2898 maiorum
858 2832 1180 2919 gravitate
1219 2831 1536 2920 delapsus.
1624 2831 2077 2922 Superioribus
2121 2831 2387 2920 quidem
2428 2833 2825 2922 temporibus
2869 2834 3093 2900 civitas
3135 2834 3435 2900 Romana
3478 2833 3562 2899 ab
3603 2833 3864 2922 optimis

499 2943 878 3031 regebatur,
963 2945 1074 3032 qui
1130 2966 1330 3033 quum
1382 2954 1589 3010 totam
1648 2945 1958 3033 patriam,
2019 2967 2153 3012 non
2211 2945 2509 3012 factionis
2574 2945 2919 3013 utilitatem
2958 2945 3355 3034 respicerent
3395 2944 3737 3034 imperium
3782 2968 3865 3012 ex

499 3056 766 3124 summis
806 3056 1109 3145 periculis
1147 3058 1383 3124 virtute
1428 3068 1493 3125 et
1535 3058 1899 3125 constantia
1928 3081 2081 3127 vere
2109 3059 2411 3126 Romana
2436 3059 2523 3126 ad
2545 3070 2799 3127 tantum
2828 3082 3021 3149 opum
3048 3059 3382 3147 fastigium
3408 3068 3862 3147 provexerant.

501 3168 672 3235 Tum
715 3180 934 3235 autem
977 3170 1275 3236 omnibus
1315 3169 1606 3237 hostibus
1651 3170 1919 3239 devictis
1933 3222 1952 3256 ,
2009 3171 2262 3263 imperii
2303 3172 2539 3238 finibus
2594 3196 2800 3261 usque
2860 3172 2941 3238 ad
2998 3171 3257 3239 ultimas
3313 3180 3519 3237 terras
3575 3169 3864 3259 prolatis,

504 3280 877 3369 ingentibus
908 3281 1147 3348 divitiis
1175 3282 1245 3348 in
1272 3282 1498 3349 urbem
1523 3284 1850 3371 congestis
1873 3284 2070 3351 etiam
2092 3285 2421 3374 peregrini
2446 3306 2655 3351 mores
2678 3294 2745 3351 et
2761 3284 3109 3373 peregrina
3134 3281 3294 3349 vitia
3316 3283 3598 3349 Romam
3620 3282 3864 3349 irruere

501 3403 882 3482 coeperunt;
939 3395 1156 3485 prisca
1209 3396 1322 3461 illa
1377 3396 1756 3487 simplicitas
1812 3406 1878 3463 et
1917 3396 2258 3485 frugalitas
2305 3420 2344 3463 a
2384 3397 2787 3486 paucissimis
2829 3396 3257 3505 retinebatur3
3317 3394 3581 3485 plurimi
3635 3396 3863 3485 opibus

501 3514 568 3571 et
609 3504 850 3571 divitiis
893 3509 1178 3597 corrupti
1221 3508 1676 3575 effussissimae
1731 3532 1801 3575 se
1855 3509 2148 3577 luxuriae
2205 3508 2449 3575 dabant
2500 3508 2663 3575 nihil
2717 3509 2843 3575 iam
2902 3517 3201 3575 curantes
3256 3507 3385 3575 nisi
3440 3517 3511 3575 ut
3566 3507 3865 3575 libidines

500 3618 853 3706 explerent.
941 3620 1157 3686 Tanta
1197 3644 1450 3688 morum
1493 3622 1901 3709 corruptione
1937 3622 2066 3687 iam
2097 3621 2343 3687 Tiberii
2370 3622 2766 3711 temporibus
2794 3621 3119 3688 civitatem
3147 3621 3513 3687 Romanam
3554 3619 3865 3687 infectam

497 3730 730 3816 fuisse,
785 3754 867 3800 ex
907 3731 1219 3799 foeditate
1260 3734 1415 3801 belli
1455 3733 1505 3801 J
1506 3733 1841 3822 ugurthini
1850 3785 1871 3818 ,
1916 3733 2090 3822 quod
2131 3734 2324 3820 paulo
2368 3744 2518 3822 post
2558 3744 2853 3801 exortum
2898 3743 3025 3817 est,
3069 3733 3529 3801 dilucidissime
3574 3741 3861 3821 apparet.

497 3840 580 3908 In
622 3866 700 3910 eo
756 3854 971 3911 autem
1024 3854 1318 3934 tempore
1373 3846 1652 3932 exstitit,
1737 3848 1850 3936 qui
1910 3846 2159 3935 patriae
2221 3846 2495 3913 miseriis
2538 3846 3099 3913 vehementissime
3141 3854 3501 3913 commotus
3544 3854 3609 3911 et
3665 3844 3863 3911 hone·

498 3955 779 4023 stissimo
821 3957 1033 4024 studio
1079 3980 1384 4025 accensus
1429 3958 1753 4025 civitatem
1794 3958 2054 4024 iamiam
2099 3957 2181 4024 ad
2223 3958 2557 4025 interitum
2598 3967 2891 4025 ruentem
2932 3958 3225 4045 erigendi
3275 3968 3341 4024 et
3381 3956 3862 4041 corroborandi,

499 4066 582 4133 ad
639 4068 1152 4136 conservandum
1212 4080 1424 4137 totum
1479 4070 1872 4160 reipublicae
1913 4093 2146 4159 corpus
2191 4094 2230 4136 a
2271 4070 2577 4137 divitibus
2619 4080 2692 4137 ut
2731 4071 2980 4159 patriae
3022 4070 3103 4135 de
3146 4070 3277 4136 suis
3320 4069 3564 4159 aliquid
3626 4068 3862 4136 condo-

495 4190 728 4246 narent
766 4181 1146 4269 postularet.

742 4292 896 4360 Non
936 4303 1152 4382 potest
1194 4294 1444 4372 quidem
1485 4296 1714 4383 negari
1756 4319 2062 4383 magnam
2104 4295 2321 4362 multis
2365 4295 2781 4363 acerbitatem
2823 4305 2889 4361 et
2929 4294 3337 4383 iniquitatem
3376 4293 3449 4359 in
3487 4293 3637 4381 lege
3680 4290 3862 4360 Sem-

495 4404 726 4491 pronia
775 4405 1078 4492 infuisse;
1143 4406 1381 4472 etenim
1433 4431 1578 4473 cum
1631 4409 1740 4474 lex
1779 4407 2035 4476 Licinia
2088 4408 2169 4475 de
2212 4408 2357 4496 agri
2412 4407 2655 4494 publici
2696 4406 2888 4474 modo
2935 4407 3087 4473 inde
3128 4407 3212 4472 ab
3253 4406 3431 4473 omni
3485 4406 3623 4473 fere
3676 4406 3859 4473 initio

494 4516 796 4604 neglecta
837 4529 904 4584 et
943 4520 1256 4607 paulatim
1299 4520 1493 4607 plane
1535 4531 1704 4587 esset
1745 4520 2018 4603 abolita,
2073 4544 2231 4608 ager
2269 4520 2569 4608 publicus
2612 4519 2837 4586 eodem
2879 4520 3016 4586 fere
3056 4520 3196 4586 iure
3239 4518 3553 4586 contineri
3596 4529 3861 4609 coeptus

496 4637 597 4693 est
639 4652 767 4716 quo
809 4631 1120 4718 privatus.
1221 4630 1406 4710 Quae
1465 4630 1616 4697 inde
1657 4630 2069 4699 incommoda
2111 4643 2254 4699 orta
2295 4633 2455 4715 sint,
2515 4632 2914 4720 apertissime
2956 4632 3408 4721 cognoscimus
3450 4653 3533 4698 ex
3575 4631 3863 4720 Appiani

495 4737 578 4805 de
619 4741 770 4807 bell.
815 4742 984 4810 civil.
1030 4744 1175 4811 libr.
1223 4744 1288 4826 1,
1338 4748 1394 4807 7.
1519 4744 1662 4811 Has
1721 4743 2126 4811 difficultates
2183 4745 2240 4810 si
2299 4745 2565 4810 omnino
2606 4744 3001 4833 neglexisset
3043 4744 3377 4828 Tiberius,
3441 4744 3670 4810 merito
3714 4766 3863 4811 eum

493 4850 1042 4923 immoderationis
1101 4868 1166 4923 et
1221 4855 1576 4944 iniquitatis
1636 4880 2102 4924 accusaremus.
2231 4855 2324 4923 At
2364 4865 2592 4922 notum
2646 4866 2747 4923 est
2799 4857 3162 4941 Tiberium,
3248 4866 3323 4923 ut
3384 4866 3680 4945 parceret
3736 4857 3861 4923 sin-

495 4965 796 5053 gulorum
840 4968 1226 5053 commodine,
1269 4992 1402 5035 non
1437 4978 1721 5036 veterem
1762 4970 1938 5036 illam
1984 4970 2198 5059 legem
2241 4968 2563 5035 Liciniam
2604 4992 2971 5053 renovasse,
3016 4968 3129 5035 sed
3172 4969 3365 5035 variis
3407 4968 3860 5036 additamentis

493 5076 847 5146 faciliorem
887 5102 1033 5147 eam
1075 5091 1142 5147 et
1184 5081 1609 5170 acceptiorem
1653 5081 2028 5149 reddidisse.
2134 5081 2394 5148 Deinde
2446 5104 2529 5148 ne
2583 5081 2706 5149 hoc
2759 5081 3021 5171 quidem
3062 5080 3485 5149 omittendum
3528 5090 3629 5147 est
3669 5079 3861 5146 valde
