4706 6078
2187 593 2272 670 11

541 827 856 918 probitati
912 826 1351 909 confidebant,
1433 826 1565 892 iam
1613 825 1804 890 toties
1847 825 2292 891 Romanorum
2346 825 2683 914 perfidiam
2738 825 3004 914 experti.
3091 822 3305 903 Quum
3348 849 3502 893 vero
3563 825 3913 915 imperator

549 940 826 1028 gloriam
871 941 1006 1006 fere
1051 961 1307 1006 omnem
1349 938 1444 1004 rei
1487 939 1652 1004 bene
1672 947 1898 1025 gestae
1942 937 2024 1003 ad
2067 960 2136 1003 se
2179 938 2485 1022 traheret,
2528 936 2698 1004 idem
2740 938 2835 1004 rei
2860 939 3030 1004 male
3073 947 3295 1026 gestae
3338 938 3591 1026 culpam
3636 938 3914 1005 debebat

544 1053 762 1119 subire
805 1060 871 1118 et
907 1074 1208 1140 poenam.

799 1164 1028 1231 Prisca
1083 1173 1299 1230 autem
1359 1172 1424 1228 et
1467 1161 1751 1250 gloriosa
1791 1161 2234 1228 Romanorum
2277 1172 2572 1250 tempora
2614 1171 2749 1228 tum
2792 1163 3285 1252 praeterierant,
3350 1161 3581 1250 quibus
3626 1163 3913 1229 cladibus

547 1281 653 1344 vel
695 1277 1097 1366 gravissimis
1137 1275 1298 1340 nihil
1351 1274 1541 1340 fracti
1596 1273 1766 1339 bello
1824 1274 2007 1339 nullo
2069 1275 2196 1340 alio
2251 1275 2447 1340 modo
2491 1274 2687 1340 finem
2742 1275 3073 1363 imponere
3116 1273 3412 1339 solebant
3454 1274 3579 1340 nisi
3622 1274 3913 1342 hostibus

551 1401 668 1457 aut
713 1390 984 1456 devictis
1029 1401 1141 1455 aut
1185 1388 1438 1454 deditis.
1548 1385 1628 1451 In
1683 1385 1823 1474 ipso
1865 1385 2037 1451 bello
2080 1385 2481 1452 Numantino
2526 1385 2983 1452 dilucidissime
3026 1385 3407 1474 apparebat,
3472 1385 3553 1451 ad
3605 1396 3913 1475 quantam

548 1503 678 1569 iam
743 1502 1094 1590 pernicie-m
1159 1500 1498 1589 disciplina
1549 1499 1848 1565 Romana
1909 1497 2174 1587 delapsa
2235 1509 2435 1582 esset3
2526 1508 2625 1564 tot
2675 1498 3117 1564 Romanorum
3182 1498 3494 1564 exercitus
3552 1522 3593 1564 a
3646 1521 3913 1564 numero

537 1614 755 1681 multo
813 1613 1066 1680 minore
1124 1611 1494 1678 foedissime
1553 1611 1800 1699 fugati,
1879 1620 1980 1677 tot
2033 1621 2098 1676 et
2152 1625 2285 1676 tam
2328 1609 2594 1676 infanda
2646 1610 3037 1677 crudelitatis
3082 1620 3145 1675 et
3184 1610 3492 1699 perfidiae
3538 1611 3835 1699 exempla
3878 1634 3917 1676 a

550 1725 864 1793 Romanis
909 1725 1084 1791 edita
1126 1732 1341 1807 erant,
1428 1732 1499 1789 ut
1539 1723 1670 1788 iam
1714 1745 1950 1788 nomen
1992 1722 2365 1788 Romanum
2410 1747 2659 1788 summo
2706 1723 2851 1788 odio
2898 1733 2962 1787 et
3004 1720 3356 1812 despicatui
3399 1746 3546 1789 esse
3587 1723 3917 1811 inciperet.

550 1838 780 1906 Nihilo
835 1838 1048 1903 minus
1093 1847 1306 1902 autem
1363 1844 1656 1918 senatus,
1726 1859 1858 1900 non
1916 1835 2306 1923 reipublicae
2349 1835 2462 1900 sed
2518 1836 2651 1901 suis
2694 1834 3046 1902 commodis
3090 1837 3460 1919 consulens,
3534 1835 3728 1924 prisci
3759 1845 3916 1900 tem-

551 1950 730 2039 poris
795 1950 1098 2016 virtutem
1145 1960 1210 2014 et
1261 1949 1652 2036 gravitatem
1695 1947 2022 2012 simulavit
2077 1957 2142 2012 et
2197 1948 2437 2014 factum
2496 1948 2884 2036 improbavit
2926 1948 3172 2014 auctori
3212 1949 3335 2036 ipsi
3377 1947 3916 2023 honestissimum.

550 2063 812 2129 Placuit
867 2073 1080 2128 autem
1137 2061 1429 2149 patribus
1484 2059 1846 2148 improbato
1917 2059 2175 2125 foedere
2234 2061 2561 2125 consulem
2616 2083 2760 2125 cum
2816 2061 2894 2126 iis
2954 2061 3281 2144 omnibus,
3360 2061 3471 2148 qui
3506 2059 3915 2126 iureiurando

551 2174 780 2241 foedus
825 2175 1216 2256 sanxissent,
1283 2172 1532 2238 vinctos
1579 2172 1868 2237 hostibus
1911 2170 2260 2237 tradendos
2313 2194 2475 2237 esse.
2562 2171 2732 2237 Tum
2785 2195 2938 2239 vero
2993 2181 3304 2261 quantum
3362 2183 3531 2237 esset
3584 2173 3808 2261 populi
3849 2173 3918 2238 in

553 2287 888 2354 Tiberium
920 2285 1220 2368 studium,
1266 2296 1510 2372 quanta
1539 2285 1675 2349 eius
1701 2284 2150 2350 benevolentia
2179 2284 2509 2372 cognitum
2540 2295 2668 2370 est3
2712 2285 2947 2350 etenim
2974 2285 3303 2350 consulem
3324 2283 3584 2372 quidem
3626 2284 3917 2352 hostibus

553 2398 938 2466 tradendum
996 2406 1414 2474 censuerunt,
1485 2396 1714 2461 ceteris
1760 2405 1973 2460 autem
2018 2395 2264 2461 Tiberii
2307 2395 2523 2484 gratia
2562 2407 3019 2486 pepercerunt3
3082 2397 3229 2463 vide
3284 2396 3611 2462 Plutarch.
3669 2396 3811 2462 Tib.
3860 2400 3913 2462 7.

558 2511 792 2578 Aurel.
839 2511 1012 2576 Vict.
1058 2508 1138 2573 de
1180 2509 1299 2574 vir.
1345 2508 1433 2573 ill.
1479 2509 1562 2576 64
1619 2508 1952 2574 Tiberium
2008 2508 2363 2597 periculum
2421 2509 2763 2575 deditionis
2816 2509 3221 2597 eloquentiae
3263 2509 3475 2598 gratia
3516 2511 3919 2597 superavisse

553 2624 780 2691 tradit.
935 2619 1110 2688 Sane
1162 2620 1507 2687 verisimile
1551 2630 1677 2704 est,
1763 2621 2128 2704 Tiberium,
2214 2623 2324 2710 qui
2386 2632 2523 2688 tum
2580 2621 2855 2712 primum
2920 2621 3212 2687 sordidas
3266 2645 3458 2710 saepe
3514 2631 3578 2686 et
3646 2622 3915 2688 humiles

557 2736 962 2824 optimatium
1019 2734 1301 2799 rationes
1356 2734 1549 2821 plane
1605 2735 2038 2821 perspexerit,
2097 2734 2496 2822 eloquentia,
2555 2759 2683 2823 qua
2740 2757 2961 2800 omnes
3005 2734 3382 2822 superabat,
3466 2743 3531 2799 et
3596 2734 3675 2800 ad
3734 2758 3917 2800 suam

557 2848 996 2914 defensionem
1061 2855 1129 2911 et
1185 2844 1266 2910 ad
1327 2843 1693 2933 detegenda
1749 2845 2260 2912 adversariorum
2327 2848 2701 2935 neutiquam
2760 2849 3030 2912 honesta
3070 2845 3336 2912 consilia
3376 2869 3563 2912 usum
3608 2869 3749 2912 esse
3794 2847 3917 2912 for-

555 2960 826 3026 tissime.
913 2959 1132 3024 Etiam
1177 2955 1548 3045 Scipionem
1604 2958 1822 3046 prodit
1863 2959 2251 3024 Plutarchus
2309 2983 2563 3024 omnem
2608 2969 2743 3025 tum
2790 2981 3051 3048 operam
3094 2957 3485 3048 impendisse
3526 2969 3598 3023 ut
3619 2958 3919 3025 Tiberius

557 3083 938 3140 servaretur.
998 3072 1166 3139 Utut
1206 3094 1310 3137 res
1331 3071 1486 3137 fuitz
1531 3069 1832 3137 Tiberius
1875 3072 1984 3137 illo
2031 3072 2201 3138 facto
2246 3096 2563 3139 summam
2608 3070 2865 3139 laudem
2907 3082 3245 3154 meruerat,
3288 3071 3526 3137 nedum
3556 3073 3917 3138 afficeretur

549 3208 764 3274 poena
803 3184 1194 3272 turpissima.

796 3297 990 3363 Nunc
1047 3294 1130 3361 ad
1183 3296 1398 3361 locum
1451 3296 1778 3384 progressi
1841 3318 2094 3380 sumus,
2180 3318 2308 3384 quo
2367 3305 2649 3363 veterum
2721 3296 2958 3363 iudicia
3025 3296 3215 3361 valde
3282 3296 3452 3362 inter
3522 3317 3591 3361 se
3655 3295 3915 3363 distant.

555 3408 721 3476 Cum
773 3410 944 3474 enim
987 3407 1286 3473 Tiberius
1339 3430 1419 3473 ex
1473 3408 1796 3496 Hispania
1853 3432 1999 3474 cum
2053 3409 2318 3475 consule
2371 3418 2709 3475 revocatus
2764 3409 3025 3475 domum
3079 3408 3408 3491 rediisset,
3488 3411 3773 3477 animum
3833 3412 3914 3478 ad

551 3521 1022 3610 rempublicam
1067 3528 1440 3586 convertere
1483 3519 1696 3609 coepit
1737 3531 1804 3585 et
1845 3544 2016 3587 anno
2061 3522 2178 3587 621
2225 3521 2521 3587 tribunus
2562 3521 2770 3610 plebis
2813 3522 3019 3587 factus
3063 3521 3277 3609 legem
3318 3521 3497 3587 illam
3538 3523 3689 3589 tulit
3732 3548 3917 3611 agra-

549 3633 712 3701 riam
754 3642 852 3698 tot
891 3634 1225 3699 turbarum
1270 3656 1562 3716 causam,
1605 3633 1729 3720 ipsi
1771 3634 1961 3699 latori
2003 3634 2325 3700 funestam
2368 3634 2673 3700 futuram.
2759 3634 2909 3700 Non
2952 3656 3187 3700 novam
3233 3644 3449 3699 autem
3488 3636 3637 3701 tulit
3679 3636 3912 3724 legem,

551 3746 666 3812 sed
704 3755 989 3812 veterem
1033 3769 1114 3811 ex
1153 3746 1352 3833 longo
1395 3754 1684 3834 tempore
1729 3745 2135 3813 obliteratam
2175 3746 2536 3831 revocavit,
2601 3748 2815 3812 multis
2858 3745 3090 3812 additis
3132 3746 3355 3828 rebus,
3421 3747 3657 3834 quibus
3700 3750 3913 3836 legem

552 3857 903 3944 gratiorem
957 3858 1257 3926 redderet
1311 3867 1378 3923 et
1429 3858 1883 3947 acceptiorem.
2010 3857 2280 3924 Summa
2335 3870 2549 3925 autem
2604 3858 2742 3925 eius
2794 3858 2959 3946 legis
2975 3907 2993 3940 ,
3076 3856 3157 3922 de
3211 3881 3339 3945 qua
3400 3860 3512 3923 alii
3569 3860 3915 3947 scriptores

555 3970 742 4035 aliter
784 3969 1078 4054 tradunt,
1121 3971 1282 4035 haec
1323 3968 1579 4035 videtur
1619 3970 1850 4037 fuisse:
1904 3970 2009 4036 Ne
2054 3971 2197 4059 quis
2241 3995 2322 4038 ex
2362 3971 2619 4061 publico
2665 3993 2824 4058 agro
2866 3972 3012 4059 plus
3056 3994 3251 4058 quam
3293 3972 3650 4059 quingenta
3689 3974 3918 4060 iugera

550 4080 945 4170 possideret,
1032 4082 1123 4147 ita
1162 4092 1415 4167 tamen,
1477 4092 1553 4149 ut
1608 4082 1758 4149 filiis
1812 4106 2072 4173 quoque
2129 4084 2407 4149 familias
2465 4083 2744 4150 ducenta
2797 4083 3267 4172 quinquaginta
3310 4082 3543 4171 iugera
3582 4085 3913 4174 possidere

551 4193 811 4278 liceret3
856 4194 1006 4261 vide
1031 4194 1261 4261 Zeissii
1289 4200 1893 4262 commentationem
1938 4195 2017 4261 de
2062 4197 2208 4285 lege
2231 4196 2476 4263 Thoria
2518 4196 2775 4283 agraria
2814 4220 2877 4285 p.
2896 4197 2955 4262 8.
3043 4193 3210 4262 Cum
3252 4219 3406 4263 vero
3453 4196 3626 4285 apud
3651 4196 3910 4265 Livium

552 4306 706 4394 epit.
741 4308 824 4371 58
883 4318 948 4372 et
1007 4306 1176 4395 apud
1217 4306 1443 4373 Aurel.
1490 4308 1660 4374 Vict.
1720 4307 1800 4374 de
1854 4309 1974 4374 vir.
2019 4308 2111 4375 ill.
2156 4309 2238 4374 64
2293 4310 2622 4397 legamus,
2686 4309 2862 4374 mille
2917 4310 3143 4397 iugera
3197 4308 3345 4397 lege
3388 4308 3775 4398 Sempronia
3830 4333 3913 4377 ex

553 4440 714 4506 agro
774 4418 1033 4508 publico
1084 4418 1416 4507 possidere
1471 4419 1761 4505 licuisse,
1837 4421 1950 4486 alii
2011 4432 2225 4487 autem
2286 4422 2631 4511 scriptores
2689 4420 3071 4487 nominatim
3126 4420 3206 4485 de
3261 4421 3639 4509 quingentis
3696 4421 3913 4490 dicant

557 4530 802 4617 ingeris
845 4542 913 4597 et
971 4530 1235 4597 dimidia
1275 4541 1460 4621 parte
1515 4531 1663 4597 filiis
1708 4532 1987 4599 familias
2029 4556 2365 4615 concessa,
2454 4532 2535 4598 de
2578 4556 2708 4621 qua
2746 4557 2817 4600 re
2863 4534 2973 4622 qui
3025 4534 3104 4598 de
3158 4532 3335 4599 mille
3388 4532 3633 4621 ingeris
3690 4533 3913 4601 dicunt

551 4651 803 4725 tacent,
869 4644 962 4709 ita
988 4644 1144 4709 mihi
1185 4644 1350 4711 haec
1375 4644 1652 4711 varietas
1697 4644 2080 4734 explicanda
2125 4646 2506 4734 scriptorum
2537 4645 2791 4713 videtur
2827 4670 2967 4713 esse
2985 4698 3003 4730 ,
3044 4655 3117 4713 ut
3158 4669 3443 4712 summus
3487 4645 3631 4733 agri
3670 4646 3914 4736 publici

549 4754 781 4821 modus
836 4755 1012 4822 mille
1081 4756 1307 4844 iugera
1361 4767 1595 4822 essent.
1753 4756 2013 4823 Etenim
2088 4756 2435 4825 verisimile
2506 4768 2603 4823 est
2654 4782 2785 4825 non
2840 4758 3159 4824 infinitum
3214 4758 3517 4846 iugerum
3572 4782 3913 4826 numerum

555 4868 854 4955 occupari
896 4868 1215 4956 potuisse,
1277 4867 1391 4934 sed
1430 4868 1895 4958 praescriptum
1938 4870 2138 4935 fuisse
2179 4869 2443 4936 modum
2488 4870 2846 4959 quendam,
2890 4892 3085 4958 quem
3124 4870 3397 4937 transire
3437 4894 3571 4937 non
3612 4871 3853 4938 liceret.

799 4978 1056 5045 Deinde
1097 5004 1244 5046 cum
1286 4980 1396 5047 lex
1435 4979 1688 5047 Licinia
1729 5004 1813 5048 ex
1853 4992 1952 5047 tot
1991 4983 2172 5048 annis
2216 4982 2519 5071 neglecta
2560 4994 2759 5069 esset,
2822 4983 3120 5049 Tiberius
3174 4993 3246 5050 ut
3285 4983 3450 5073 legis
3496 4983 3909 5072 asperitatem

551 5092 888 5179 minueret,
929 5091 1010 5159 iis
1043 5092 1300 5181 publice
1339 5094 1646 5161 damnum
1675 5093 2075 5161 sarciendum
2119 5118 2261 5161 esse
2303 5096 2571 5180 censuit,
2613 5097 2724 5185 qui
2761 5098 2906 5186 lege
2939 5121 3057 5164 sua
3100 5118 3258 5185 agro
3300 5096 3555 5185 publico
3600 5094 3913 5163 decedere

3083 5196 3123 5261 2
