4706 6078
2126 621 2222 702 23

483 855 860 924 ostendunt:
949 856 1003 922 si
1045 856 1190 945 quis
1254 856 1452 922 semel
1497 879 1540 922 a
1591 864 1766 921 recto
1824 855 2080 922 tramite
2136 853 2469 922 deflexerit
2483 904 2502 938 ,
2588 876 2737 920 eum
2792 862 3051 942 praeter
3106 854 3507 920 voluntatem
3567 852 3725 919 adeo
3779 852 3849 921 in

480 968 764 1060 pessima
817 991 1114 1058 quaeque
1167 967 1587 1059 praecipitem
1646 990 1855 1034 ruere.
1940 966 2187 1036 Omnes
2245 976 2461 1034 autem
2518 966 2923 1034 consentiunt
2962 973 3213 1032 veteres
3254 947 3596 1053 scriptores
3638 965 3705 1031 in
3750 987 3854 1048 eo,

477 1085 648 1151 hanc
687 1080 972 1148 muneris
1014 1079 1487 1147 abdicationem
1528 1079 1652 1169 ipsi
1693 1079 1954 1146 Tiberio
1999 1080 2338 1146 exitiosam
2383 1079 2621 1145 factam
2662 1100 2838 1164 esse;
2921 1077 3069 1143 vide
3112 1075 3319 1144 Cicer.
3366 1075 3446 1142 de
3489 1079 3665 1166 legg.
3710 1075 3849 1160 III,

482 1197 562 1262 10
575 1245 596 1280 ,
635 1196 756 1260 24:
839 1193 1026 1260 Nihil
1069 1190 1242 1258 aliud
1285 1189 1619 1258 Tiberium
1659 1191 1967 1281 perculit,
2031 1192 2159 1258 nisi
2201 1188 2376 1280 quod
2415 1199 2805 1280 potestatem
2842 1188 3281 1255 intercedendi
3324 1189 3619 1277 collegae
3660 1190 3847 1255 abro-

479 1307 681 1396 gavit.
806 1304 1029 1372 Etiam
1087 1303 1507 1386 Plutarchus,
1589 1303 1702 1392 qui
1762 1326 2012 1369 summa
2072 1304 2373 1368 incensus
2432 1302 2680 1369 Tiberii
2738 1301 3159 1368 admiratione
3217 1301 3434 1367 omnia
3509 1301 3647 1367 fere
3710 1299 3847 1366 eius

478 1419 656 1485 facta
696 1417 920 1484 laudat
976 1425 1042 1481 et
1095 1415 1360 1504 probat,
1444 1414 1610 1480 banc
1675 1413 1930 1481 Octavii
1987 1413 2465 1481 abdicationem
2515 1436 2727 1504 neque
2774 1412 3137 1501 legitimam
3191 1412 3347 1480 dicit
3397 1413 3595 1480 fuisse
3637 1434 3849 1500 neque

480 1532 852 1599 humanam.

728 1640 1028 1708 Tiberius
1071 1639 1240 1706 enim
1258 1689 1276 1724 ,
1361 1662 1508 1704 cum
1551 1637 1846 1705 omnibus
1887 1639 2187 1728 precibus
2232 1639 2555 1726 collegam
2594 1639 2678 1704 ab
2719 1638 3181 1705 intercessione
3221 1636 3563 1727 prohibere
3604 1636 3849 1702 frustra

485 1754 856 1838 studuisset,
899 1753 1040 1820 fieri
1079 1775 1212 1818 non
1255 1774 1446 1841 posse
1489 1751 1671 1833 dixit,
1713 1760 1788 1817 ut
1828 1752 2039 1834 ambo,
2083 1748 2194 1839 qui
2238 1749 2320 1816 de
2362 1749 2629 1816 summis
2668 1750 2859 1816 rebus
2902 1748 3304 1835 dissiderent,
3346 1751 3416 1816 in
3459 1750 3849 1836 magistratu

482 1874 966 1957 permanerent3
1095 1865 1385 1938 alterutri
1469 1862 1826 1931 cedendum
1913 1884 2073 1928 esse.
2199 1863 2521 1928 Hortatus
2588 1862 2790 1950 igitur
2861 1861 3205 1928 Octavium
3261 1873 3361 1928 est
3376 1912 3395 1945 ,
3487 1871 3559 1928 ut
3621 1861 3701 1927 de
3778 1883 3847 1926 66

486 1978 817 2057 (Tiberio)
885 1975 1363 2042 multitudinem
1437 1977 1615 2065 prius
1685 1975 1752 2040 in
1827 1974 2141 2062 suffragia
2211 1975 2526 2061 mitteret3
2622 1974 2797 2063 quod
2862 1996 3063 2062 quum
3131 1973 3449 2039 renuisset
3517 1973 3847 2056 Octavius,

485 2092 700 2179 ipsum
761 2111 831 2154 se
888 2086 968 2153 de
1025 2089 1282 2176 collega
1335 2087 1540 2154 tribus
1597 2087 1664 2152 in
1721 2086 2030 2174 suffragia
2084 2086 2429 2153 missurum
2488 2109 2630 2152 esse
2683 2086 2864 2152 dixit.
2949 2085 3181 2172 Neque
3242 2107 3398 2150 vero
3463 2085 3689 2152 eodem
3746 2084 3851 2151 die

483 2225 621 2268 rem
711 2200 1019 2285 confecit3
1153 2199 1268 2266 sed
1367 2200 1466 2266 bis
1551 2199 1740 2266 dictis
1821 2199 2084 2264 comitia
2161 2198 2437 2281 dimisit3
2561 2199 2870 2288 proximis
2956 2207 3171 2262 autem
3274 2198 3547 2263 comitiis
3647 2220 3849 2285 quum

485 2336 705 2380 rursus
767 2313 1058 2400 collegae
1115 2313 1400 2378 animum
1441 2313 1700 2379 flectere
1741 2313 1981 2378 frustra
2042 2320 2310 2377 conatus
2370 2321 2569 2395 esset,
2654 2311 2867 2399 legem
2919 2310 3101 2394 tulit,
3184 2319 3257 2376 ut
3300 2309 3571 2377 Octavio
3616 2333 3849 2376 munus

487 2426 930 2513 abrogaretur.
1017 2423 1233 2502 Quum
1303 2434 1517 2492 autem
1577 2447 1658 2490 ex
1714 2423 1984 2511 triginta
2040 2423 2324 2512 quinque
2379 2422 2674 2489 tribubus
2730 2423 2859 2488 iam
2902 2421 3334 2510 septendecim
3374 2423 3589 2508 legem
3633 2422 3848 2488 iussis-

486 2546 662 2618 sent,
749 2546 1099 2625 antequam
1153 2560 1258 2603 res
1302 2535 1856 2603 duodevicesimae
1897 2536 2102 2602 tribus
2147 2535 2458 2624 suffragio
2504 2535 2957 2617 conficeretur,
3042 2534 3339 2600 ultimum
3383 2535 3464 2600 ad
3508 2534 3850 2601 Octavium

489 2671 833 2716 conversus
895 2659 970 2714 ut
1026 2648 1290 2716 tandem
1346 2649 1683 2714 desisteret
1735 2649 1818 2713 ab
1875 2646 2330 2714 intercedendo
2395 2646 2777 2713 obsecravit.
2866 2646 3114 2724 Quibus
3176 2646 3474 2736 precibus
3538 2671 3683 2712 cum
3738 2647 3849 2712 ille

485 2784 618 2827 non
661 2759 1068 2826 mediocriter
1110 2769 1467 2826 commotus
1511 2770 1713 2844 esset,
1757 2760 1850 2825 ita
1889 2771 1962 2826 ut
2005 2761 2110 2825 vel
2152 2759 2457 2826 lacrimae
2496 2759 2559 2824 ei
2600 2760 3027 2842 oborirentur,
3074 2757 3381 2846 adspectu
3425 2759 3848 2847 optimatium,

488 2874 602 2963 qui
657 2873 1175 2955 circumstarent,
1259 2871 1422 2938 adeo
1475 2871 1721 2960 pudore
1774 2881 1839 2937 et
1893 2872 2254 2938 reverentia
2312 2892 2455 2938 6666
2511 2872 2814 2938 affectum
2835 2921 2852 2954 ,
2938 2881 3011 2936 ut
3075 2870 3373 2937 omnibus
3435 2871 3735 2959 periculis
3778 2894 3849 2936 se

489 2985 811 3052 obiiceret.
851 3025 860 3041 .
937 2984 1170 3073 Itaque
1229 2983 1502 3051 Octavio
1570 2983 1898 3073 suffragiis
1964 3007 2198 3052 munus
2255 2984 2643 3071 abrogatum
2686 2993 2817 3069 est3
2902 2981 3246 3049 multitudo
3308 2991 3523 3049 autem
3575 2983 3644 3049 in
3701 3006 3851 3050 eum

487 3122 604 3188 per
645 3121 869 3165 servos
913 3122 953 3163 a
992 3098 1219 3163 rostris
1264 3098 1623 3165 detractum
1662 3106 1844 3163 tanto
1887 3096 2104 3163 furore
2144 3096 2416 3182 invasit,
2502 3105 2573 3161 ut
2613 3096 2725 3161 vix
2767 3095 3171 3184 optimatium
3214 3118 3531 3163 concursu
3574 3105 3640 3163 et
3679 3096 3852 3162 servi

486 3210 636 3295 fide,
681 3210 793 3299 qui
836 3233 954 3298 pro
1000 3209 1259 3276 domino
1305 3210 1660 3277 consistens
1703 3212 1810 3275 vel
1853 3209 2038 3275 oculo
2080 3209 2371 3298 privatus
2414 3218 2542 3292 est,
2588 3216 2972 3274 servaretur.
3058 3208 3213 3275 Non
3252 3219 3352 3276 est
3395 3207 3571 3299 quod
3612 3230 3849 3274 memo-

487 3346 702 3390 remus
743 3322 868 3389 hoc
910 3323 1110 3390 invito
1157 3322 1420 3389 Tiberio
1475 3322 1714 3388 factum
1770 3344 1930 3387 esse.
2015 3322 2122 3388 Ab
2179 3321 2301 3389 hac
2341 3320 2674 3387 Plutarchi
2729 3320 3097 3387 narratione
3136 3320 3477 3411 Appianas
3521 3323 3590 3388 in
3631 3321 3850 3389 multis

490 3445 555 3501 et
594 3436 674 3501 iis
731 3436 1038 3523 gravibus
1091 3436 1285 3502 rebus
1341 3434 1531 3501 valde
1595 3434 1919 3501 abhorret.
2003 3433 2236 3499 Tradit
2286 3434 2459 3499 enim
2501 3431 2834 3498 Tiberium
2850 3481 2871 3516 ,
2943 3456 3087 3498 cum
3132 3458 3171 3499 a
3211 3444 3471 3514 senatu,
3532 3432 3616 3499 ad
3668 3434 3849 3499 cuius

491 3547 824 3614 arbitrium
865 3548 1080 3636 legem
1123 3546 1483 3629 reiecisset,
1539 3569 1673 3612 non
1716 3545 2001 3630 auditus,
2045 3546 2161 3614 sed
2201 3546 2430 3612 illusus
2472 3554 2673 3629 esset,
2736 3545 2947 3611 statim
2995 3544 3075 3611 ad
3118 3546 3595 3613 multitudinem
3636 3570 3849 3613 recur-

487 3659 649 3726 risse
689 3682 961 3747 eamque
1005 3682 1075 3725 se
1113 3658 1426 3748 proximis
1469 3660 1742 3727 comitiis
1785 3668 1852 3725 et
1892 3658 1973 3724 de
2029 3659 2216 3745 lege
2274 3658 2615 3744 agraria
2656 3667 2722 3723 et
2764 3658 2844 3723 de
2887 3658 3426 3724 abdicatione
3482 3658 3741 3725 Octavii
3781 3659 3851 3725 in

489 3772 802 3859 suffragia
841 3771 1186 3837 missurum
1231 3793 1372 3837 esse
1417 3770 1672 3838 dixisse.
1755 3771 1864 3838 De
1905 3772 1982 3837 iis
2026 3769 2322 3836 omnibus
2364 3770 2532 3855 fere,
2596 3794 2765 3859 quae
2813 3770 2884 3836 in
2924 3770 3231 3854 comitiis,
3290 3771 3521 3859 quibus
3577 3770 3849 3838 Octavio

487 3905 722 3949 munus
784 3886 1168 3971 abrogatum
1226 3892 1324 3951 est
1339 3933 1358 3967 ,
1444 3883 1617 3969 facta
1672 3892 1853 3967 sunt,
1919 3882 2310 3949 Plutarchus
2353 3892 2419 3948 et
2458 3881 2799 3973 Appianus
2852 3882 3020 3949 inter
3076 3906 3146 3948 se
3201 3883 3640 3969 consentiunt,
3724 3883 3851 3950 nisi

491 3994 666 4084 quod
723 3996 1065 4084 Appianus
1122 3994 1498 4079 Octavium,
1567 4018 1763 4083 quum
1822 3996 2111 4084 privatus
2168 4004 2338 4060 esset
2391 3995 2631 4079 factus,
2702 3995 2869 4061 clam
2923 3995 3214 4082 elapsum
3269 4016 3411 4060 esse
3464 3994 3681 4062 tradit.
3768 3995 3849 4061 In

487 4107 704 4174 locum
748 4117 963 4173 autem
1004 4107 1261 4174 Octavii
1304 4107 1546 4187 Quinto
1589 4107 1903 4174 Mummio
1948 4108 2216 4172 suffecto
2261 4107 2473 4194 legem
2518 4107 2841 4195 agrariam
2883 4107 3199 4196 perlatam
3240 4129 3401 4173 esse.

737 4219 847 4285 Ad
906 4242 1135 4308 agrum
1197 4220 1526 4308 publicum
1584 4218 2074 4286 discernendum
2118 4228 2183 4283 et
2225 4218 2642 4284 dividendum
2684 4218 3005 4285 triumviri
3047 4219 3245 4285 creati
3286 4228 3435 4285 sunt
3478 4221 3615 4310 ipse
3657 4220 3849 4286 Tibe·

489 4331 652 4415 rius,
717 4332 983 4421 eiusque
1043 4354 1230 4397 socer
1269 4333 1524 4421 Appius
1567 4330 1914 4415 Claudius,
1978 4341 2044 4396 et
2101 4329 2310 4397 Gaius
2368 4330 2600 4413 frater,
2668 4332 2778 4421 qui
2821 4340 2961 4400 tum
3001 4330 3256 4397 Romae
3295 4354 3426 4397 non
3472 4332 3693 4399 aderat
3734 4332 3849 4399 sed

491 4441 798 4532 Scipione
861 4442 1024 4509 duce
1083 4445 1256 4511 bello
1317 4444 1716 4510 Numantino
1771 4442 2080 4509 interfuit.
2187 4443 2336 4508 Hoc
2410 4452 2757 4532 propterea
2814 4466 2855 4508 a
2907 4443 3101 4531 plebe
3156 4444 3399 4510 factum
3452 4454 3551 4510 est
3568 4495 3587 4528 ,
3676 4445 3850 4534 quod

491 4556 750 4637 metuit,
807 4578 910 4639 ne,
955 4555 1010 4621 si
1053 4556 1177 4645 ipsi
1219 4558 1384 4645 legis
1427 4566 1718 4623 auctores
1761 4554 1845 4620 ad
1888 4554 2364 4643 exsequendam
2406 4578 2549 4622 eam
2592 4555 2790 4621 creati
2832 4562 3079 4638 essent,
3154 4555 3560 4644 optimatium
3604 4557 3848 4624 artibus

489 4666 886 4734 illuderetur.
1013 4667 1274 4735 Perlata
1328 4669 1584 4735 demum
1627 4668 1749 4733 bac
1818 4669 1964 4755 lege
2037 4677 2103 4733 et
2169 4667 2519 4733 triumviris
2588 4669 2815 4733 creatis
2856 4668 3185 4733 tribunum
3226 4668 3295 4733 in
3336 4669 3548 4735 locum
3592 4668 3851 4736 Octavii

491 4779 908 4845 substitutum
988 4802 1128 4845 esse
1191 4778 1498 4847 Mucium
1553 4778 1907 4869 quendam,
2011 4779 2336 4846 hominem
2393 4779 2749 4867 ignobilem
2818 4787 2885 4845 et
2937 4779 3183 4846 Tiberii
3240 4780 3569 4866 clientem,
3654 4782 3853 4848 tradit

489 4889 912 4977 Plutarchus;
1012 4891 1282 4959 Orosius
1351 4902 1577 4960 contra
1631 4892 1917 4959 Minucio
1976 4892 2036 4957 ei
2095 4916 2332 4959 nomen
2394 4892 2591 4959 fuisse
2649 4890 2805 4957 dicit
2863 4891 2961 4974 V,
3013 4890 3073 4955 8.
3199 4890 3487 4982 Appiani
3564 4896 3848 4961 narratio

489 5002 901 5071 verisimilior
976 5014 1107 5089 est,
1234 5004 1378 5095 qui.
1413 5005 1480 5071 in
1560 5002 1816 5070 Octavii
1887 5028 1926 5070 a
1988 5004 2318 5072 tribunatu
2402 5003 2633 5070 remoti
2715 5005 2928 5071 locum
2986 5003 3203 5072 statim
3245 5002 3555 5083 Quintum
3640 5006 3851 5073 Mum-
