4706 6078
2449 580 2541 652 16

804 807 1156 876 verisimile
1199 811 1402 878 fuisse
1439 811 1809 894 Tiberium,
1853 833 1983 900 qua
2024 811 2147 878 fuit
2187 812 2505 880 modestia
2544 821 2613 879 et
2653 811 3082 895 humanitate,
3126 813 3183 878 si
3224 812 3577 879 adversarii
3616 813 3724 877 vel
3768 811 4060 878 nonnihil
4105 813 4187 879 de

807 920 940 986 suis
985 921 1414 990 decessissent
1461 947 1672 1012 neque
1715 923 1982 988 immani
2025 923 2458 991 obstinatione
2503 924 2798 991 omnibus
2842 923 3091 992 Tiberii
3132 925 3606 990 conditionibus
3650 923 4021 1007 restitisent,
4066 947 4187 1014 per

807 1035 1302 1100 conventionem
1343 1058 1481 1100 rem
1525 1059 1671 1102 cum
1713 1034 2136 1123 optimatibus
2179 1036 2686 1124 compositurum
2729 1036 2947 1102 fuisse.
3048 1035 3217 1103 Cum
3276 1045 3492 1102 autem
3550 1035 3829 1124 superbe
3882 1037 3962 1103 ab
4022 1036 4187 1126 opti·

802 1147 1086 1211 matibus
1131 1147 1348 1212 omnia
1391 1171 1510 1213 sua
1551 1149 1656 1214 vel
1701 1148 2313 1214 benevolentissima
2356 1149 2626 1216 consilia
2666 1149 2885 1237 respui
2928 1159 3249 1232 cerneret,
3292 1159 3430 1215 tum
3474 1147 3753 1231 demum,
3798 1148 4037 1237 quippe
4078 1151 4185 1216 cui

807 1260 1219 1347 exploratum
1263 1268 1433 1324 esset
1474 1261 1689 1347 legem
1732 1283 1916 1326 suam
1959 1261 2117 1324 nihil
2177 1261 2351 1326 aliud
2416 1272 2707 1350 spectare
2771 1262 2895 1326 nisi
2961 1261 3161 1328 totius
3221 1261 3611 1348 reipublicae
3674 1261 3977 1343 salutem,
4039 1261 4191 1350 ipsa

805 1370 941 1436 fere
1023 1393 1238 1436 rerum
1300 1373 1688 1439 necessitate
1750 1382 2010 1437 coactus
2075 1371 2157 1436 ad
2220 1373 2395 1438 facta
2456 1375 2821 1440 abstractus
2886 1382 2983 1438 est
3043 1374 3428 1439 violentiora
3488 1383 3554 1439 et
3616 1373 3742 1461 ipsi
3806 1382 3873 1438 et
3940 1373 4183 1439 civitati

805 1481 1238 1548 infestissima.

1056 1593 1241 1673 Quae
1285 1617 1483 1682 quum
1524 1595 1616 1661 ita
1661 1619 1730 1662 se
1771 1597 2083 1679 habeant,
2129 1596 2361 1662 merito
2402 1598 2637 1686 aliquis
2680 1598 3205 1686 interrogaverit,
3262 1596 3589 1688 quomodo
3630 1597 3897 1663 tandem
3938 1599 4181 1664 factum

806 1707 921 1783 sit,
985 1716 1058 1772 ut
1121 1708 1408 1774 omnium
1470 1709 1606 1774 fere
1670 1718 1960 1776 veterum
2021 1709 2406 1796 scriptorum
2471 1731 2785 1776 consensu
2848 1733 2981 1776 non
3048 1709 3189 1776 dico
3253 1733 3421 1799 quae
3474 1711 3833 1797 posteriore
3888 1720 4183 1799 tempore

807 1817 1066 1885 admisit
1121 1819 1418 1886 Tiberius
1505 1855 1584 1866 —
1668 1819 1830 1886 haec
1895 1822 2065 1886 enim
2122 1843 2322 1909 quum
2364 1822 2623 1887 violatis
2667 1822 2921 1909 legibus
2964 1822 3138 1888 facta
3180 1823 3309 1888 sint
3348 1823 3611 1911 probari
3668 1835 3943 1910 possunt
3998 1823 4177 1890 nullo

804 1931 996 1997 modo
1055 1967 1132 1978 -—
1193 1932 1304 1998 sed
1347 1932 1490 2020 ipsa
1531 1933 1640 1998 lex
1681 1933 1947 2020 agraria
1999 1943 2072 1999 ut
2123 1934 2521 2022 reipublicae
2575 1935 2847 2000 exitiosa
2900 1935 3393 2022 improbaretur.
3520 1935 3811 2000 Primum
3880 1959 4012 2001 non
4081 1946 4183 2002 est

802 2043 1442 2131 praetermittendum
1507 2044 1840 2111 Tiberium
1897 2046 2046 2133 lege
2132 2047 2395 2133 agraria
2431 2071 2581 2122 ⁵sua
2643 2047 2829 2134 quasi
2886 2047 3141 2134 signum
3202 2046 3667 2113 discordiarum
3722 2060 3787 2112 et
3841 2048 4177 2114 turbarum

803 2155 1208 2244 publicarum
1271 2155 1557 2239 dedisse,
1644 2157 1878 2245 quibus
1945 2159 2223 2246 partium
2289 2158 2503 2225 studia
2564 2157 2655 2224 ita
2718 2158 2998 2224 excitata
3065 2170 3129 2224 et
3188 2158 3269 2224 ad
3328 2159 3682 2226 certamina
3741 2169 3876 2225 tam
3936 2161 4181 2227 atrocia

803 2267 1203 2334 inflammata
1255 2279 1435 2352 sunt,
1493 2279 1566 2335 ut
1621 2272 1986 2358 respublica
2025 2271 2589 2337 vehementissime
2644 2281 2963 2336 commota
3004 2272 3316 2360 paulatim
3361 2271 3441 2337 ad
3486 2273 3816 2338 interitum
3859 2283 4175 2360 vergeret.

803 2380 1120 2446 Homines
1175 2392 1390 2446 autem
1447 2382 1903 2469 cupiditatibus
1963 2407 2264 2450 accensos
2307 2407 2454 2450 raro
2498 2382 2716 2449 iudicii
2758 2383 3197 2470 integritatem
3238 2383 3517 2449 retinere
3560 2382 3679 2449 sed
3724 2383 3807 2448 ad
3852 2394 4179 2451 auctorem

800 2515 1017 2558 rerum
1061 2494 1278 2560 omnia
1320 2516 1486 2581 quae
1528 2493 1679 2559 inde
1723 2495 1919 2561 etiam
1961 2496 2074 2562 illo
2117 2497 2320 2562 invito
2364 2505 2520 2561 nata
2562 2496 2688 2561 sint
2730 2497 2905 2560 mala
2945 2496 3215 2578 referre,
3275 2519 3357 2561 ex
3400 2519 3617 2562 rerum
3660 2497 3971 2562 memoria
4014 2497 4173 2562 satis

804 2605 1136 2692 cognitum
1201 2617 1318 2670 est.
1449 2605 1681 2695 Itaque
1735 2632 1868 2673 non
1930 2617 2028 2673 est
2069 2608 2433 2674 mirandum
2476 2577 2756 2691 vete-res,
2816 2631 3014 2696 quum
3068 2608 3467 2674 calamitates
3508 2629 3592 2673 ex
3634 2607 3879 2675 Tiberii
3923 2609 4071 2696 lege
4110 2619 4181 2674 et

804 2739 887 2782 ex
947 2718 1026 2782 iis
1085 2728 1261 2783 ortas
1320 2741 1488 2806 quae
1544 2720 1758 2807 legem
1817 2731 2040 2786 secuta
2096 2721 2226 2786 sint
2287 2720 2459 2786 solas
2532 2721 2955 2809 respicerent,
3037 2719 3120 2784 ad
3186 2721 3399 2807 legem
3458 2721 3781 2808 agrariam
3846 2721 4030 2808 quasi
4094 2721 4177 2786 ad

802 2829 1120 2918 originem
1163 2839 1229 2895 et
1273 2831 1517 2896 fontem
1561 2854 1781 2898 earum
1821 2855 2156 2920 regressos
2200 2855 2341 2896 eam
2388 2853 2707 2898 consensu
2748 2832 3165 2921 improbasse.
3266 2832 3538 2898 Praeter
3596 2843 3787 2898 notos
3844 2831 4180 2900 Ciceronis

800 2943 998 3024 locOS,
1044 2965 1238 3030 quem
1282 2944 1494 3030 legem
1523 2943 1771 3010 Tiberii
1813 2944 2154 3010 damnasse
2197 2955 2469 3028 constat,
2512 2943 2659 3010 vide
2686 2944 2919 3008 Vellei.
2964 2943 3217 3011 Patere.
3263 2944 3356 3028 II,
3400 2944 3460 3028 2,
3504 2947 3615 3011 ubi
3656 2947 3819 3011 haec
3859 2947 4173 3033 legimus:

800 3056 1102 3122 Tiberius
1143 3057 1572 3145 promulgatis
1617 3058 1889 3146 agrariis
1931 3058 2204 3145 legibus,
2248 3060 2536 3124 omnium
2577 3067 2818 3125 statum
2862 3058 3379 3124 concutientibus·
3389 3108 3407 3141 ,
3453 3080 3704 3123 summa
3745 3056 3877 3125 ima
3916 3058 4177 3125 miscuit

801 3177 866 3233 et
921 3169 982 3233 in
1038 3179 1456 3258 praeruptum
1503 3180 1696 3259 atque
1740 3192 1973 3259 anceps
2016 3170 2371 3258 periculum
2416 3170 2682 3237 adduxit
2723 3170 3221 3258 rempublicam3
3285 3169 3457 3236 idem
3519 3180 3863 3259 postquam
3908 3171 4173 3237 caedem

799 3280 1048 3347 Tiberii
1103 3282 1389 3348 narravit
1443 3284 1603 3349 haec
1663 3282 1840 3348 addit
1895 3283 2097 3349 verba
2139 3281 2241 3367 II,
2285 3284 2358 3347 3:
2443 3282 2591 3349 Hoc
2647 3282 2901 3348 initium
2953 3283 3021 3348 in
3076 3286 3239 3349 urbe
3295 3282 3510 3349 Roma
3564 3282 3771 3349 civilis
3834 3282 4173 3372 sanguinis

800 3392 1296 3482 gladiorumque
1365 3395 1768 3486 impunitatis
1831 3395 1981 3460 fuit:
2081 3395 2159 3459 in
2179 3393 2270 3459 de
2348 3395 2476 3460 ius
2538 3396 2617 3461 vi
2695 3396 3076 3462 obrutum
3136 3396 3593 3485 potentiorque
3662 3394 3923 3461 habitus
3993 3396 4171 3484 prior

799 3504 1446 3596 discordiaeque
1503 3508 1804 3574 civium
1862 3517 2102 3573 antea
2145 3506 2789 3574 condicionibus
2832 3506 3113 3573 sanari
3156 3506 3461 3574 solitae
3503 3509 3725 3574 ferro
3772 3506 4172 3575 diiudica-

799 3627 934 3684 tae
977 3619 1278 3707 bellaque
1321 3643 1454 3684 non
1499 3620 1710 3685 causis
1753 3618 1915 3684 inita
1957 3618 2070 3683 sed
2111 3629 2305 3707 prout
2346 3642 2569 3685 eorum
2612 3641 2857 3686 merces
2900 3620 3041 3685 fuit.
3113 3618 3304 3698 Quod
3345 3619 3517 3685 haud
3560 3620 3794 3685 mirum
3836 3630 3967 3686 est:
4012 3644 4168 3687 non

798 3732 1012 3796 enim
1071 3733 1554 3798 consistunt
1611 3732 2018 3820 exempla,
2104 3730 2314 3797 unde
2374 3743 2861 3821 coeperunt,
2920 3732 3035 3798 sed
3094 3732 3453 3820 quamlibet
3493 3733 3561 3797 in
3604 3742 3865 3797 tenuem
3907 3742 4172 3821 recepta-

793 3845 1119 3909 tramitem
1156 3844 1470 3911 latissime
1513 3842 1835 3932 evagandi
1877 3842 2000 3909 sibi
2042 3842 2212 3907 viam
2257 3843 2500 3910 faciunt
2556 3856 2621 3910 et
2673 3845 2810 3911 ubi
2868 3844 3123 3910 semel
3184 3855 3413 3911 recto
3472 3844 3947 3911 deerratum
4010 3855 4164 3927 est,

797 3957 878 4022 in
933 3980 1332 4047 praeceps
1385 3958 1873 4046 pervenitur
1925 3978 2045 4021 nec
2108 3956 2449 4047 quisquam
2506 3957 2627 4022 sibi
2682 3966 2867 4046 putat
2922 3967 3141 4045 turpe,
3206 3955 3384 4046 quod
3428 3957 3537 4022 alii
3578 3956 3703 4021 fuit
3742 3958 4163 4023 fructuosum.

793 4068 980 4133 Haec
1021 4069 1220 4134 verba
1242 4068 1479 4134 Velleii
1521 4079 1694 4135 recte
1737 4090 1807 4133 se
1849 4068 2089 4133 habere
2133 4080 2198 4134 et
2239 4093 2334 4153 ea,
2381 4093 2548 4158 quae
2592 4094 2672 4137 ex
2714 4072 2885 4135 facto
2931 4070 3147 4157 aliquo
3189 4070 3481 4159 profecta
3524 4078 3691 4153 sunt,
3736 4090 3868 4133 non
3912 4090 4165 4157 semper

791 4179 1018 4247 eadem
1060 4203 1202 4246 esse
1248 4203 1444 4268 quam
1488 4203 1657 4268 quae
1701 4190 1928 4247 auctor
1969 4181 2092 4246 sibi
2125 4193 2577 4270 proposuerat,
2622 4183 2765 4271 quis
2808 4183 3055 4269 neget?
3122 4180 3333 4261 Quam
3378 4205 3568 4269 saepe
3612 4190 3827 4247 autem
3870 4182 4163 4247 homines

793 4303 1096 4359 eventum
1152 4294 1244 4359 rei
1302 4304 1366 4359 et
1408 4294 1723 4360 rationem
1784 4293 2252 4381 consiliumque
2305 4296 2583 4360 auctoris
2648 4298 3077 4362 commutant!
3206 4293 3392 4358 Idem
3450 4318 3651 4382 quum
3696 4294 3957 4359 Tiberio
4002 4294 4162 4359 acci-

792 4404 974 4490 derit,
1019 4406 1207 4471 facile
1253 4407 1638 4495 intelligitur
1681 4429 1794 4472 cur
1823 4415 2042 4471 tantus
2087 4406 2170 4471 sit
2211 4407 2385 4471 facta
2427 4408 2563 4473 eius
2605 4408 3104 4495 improbantium
3150 4430 3473 4472 numerus.
3540 4406 3813 4471 Maximi
3854 4404 4164 4472 momenti

791 4517 1004 4585 Taciti
1048 4528 1114 4583 et
1157 4515 1427 4584 Sallusti
1470 4517 1708 4585 iudicia
1749 4541 1892 4585 esse
1936 4528 2212 4585 constat.
2299 4520 2503 4584 Dolet
2560 4529 2773 4585 autem
2830 4544 2960 4585 non
3021 4520 3342 4607 copiosius
3386 4519 3505 4585 hos
3548 4518 3721 4585 viros
3764 4518 4158 4606 exposuisse,

788 4631 943 4722 quid
983 4632 1274 4720 ipsorum
1318 4632 1638 4698 sententia
1681 4630 1761 4696 de
1807 4629 2124 4698 Gracchis
2163 4654 2515 4719 eorumque
2558 4632 2815 4719 legibus
2872 4632 3281 4697 statuendum
3330 4631 3440 4715 sit3
3484 4630 3899 4697 nihilominus
3945 4639 4161 4697 autem

787 4768 870 4811 ex
913 4743 1184 4831 singulis
1229 4754 1293 4809 et
1336 4743 1640 4809 brevibus
1683 4744 1840 4809 locis
1883 4744 2006 4810 hoc
2049 4742 2311 4832 quidem
2350 4743 2755 4831 >exploratum
2800 4754 2917 4826 est,
2963 4766 3045 4809 ne
3090 4746 3205 4809 hos
3251 4744 3506 4831 quidem
3567 4745 3877 4833 probasse
3936 4766 4159 4809 eorum

784 4858 988 4942 facta3
1031 4856 1180 4922 vide
1223 4854 1430 4921 Tacit.
1477 4854 1627 4920 dial.
1673 4855 1752 4921 de
1797 4866 1959 4922 orat.
2002 4855 2120 4920 40:
2182 4878 2312 4921 non
2355 4856 2519 4921 tanti
2560 4856 2952 4944 reipublicae
2998 4854 3443 4922 Gracchorum
3490 4855 3611 4921 fuit
3654 4856 4041 4943 eloquentia,
4086 4864 4161 4921 ut

783 4979 1116 5057 pateretur
1157 4978 1222 5033 et
1265 4968 1486 5055 leges3
1530 4967 1690 5033 haec
1733 4970 1932 5033 verba
1975 4969 2098 5035 etsi
2140 4992 2272 5034 non
2314 4969 2517 5057 ipsius
2559 4980 2709 5033 sunt
2751 4967 2995 5051 Taciti,
3052 4968 3165 5035 sed
3210 4968 3453 5056 dialogi
3494 4990 3838 5056 personam
3884 4990 3959 5032 ea
4000 4968 4157 5033 facit

785 5082 1138 5165 dicentem,
1222 5089 1440 5146 tamen
1483 5081 1683 5167 ipsius
1729 5081 1941 5147 Taciti
1983 5078 2288 5147 iudicium
2331 5078 2482 5146 inde
2524 5082 2831 5169 cognosci
2872 5104 3063 5169 posse
3108 5082 3425 5147 existimo.
3514 5080 3595 5145 In
3641 5080 3880 5145 Annal.
3940 5088 4153 5144 autem
