4706 6078
841 817 1136 883 omnium
1171 815 1406 882 virium
1447 813 1809 881 defectione
1850 815 2062 903 perire
2102 839 2371 884 neeesse
2410 827 2531 886 est.
2614 817 2915 886 Tiberius
2970 816 3171 903 igitur
3226 838 3373 886 eum
3428 814 3823 904 intelligeret
3866 817 4211 907 optimates

845 928 928 995 ad
970 929 1318 995 factionem
1371 927 1660 1016 relapsos
1717 951 1891 1009 esse,
1977 950 2146 1017 quae
2201 951 2336 995 non
2388 929 2783 1018 reipublicae
2838 928 2953 998 sed
3009 952 3129 998 sua
3183 925 3525 1000 commoda
3579 938 3937 1016 spectant,
4020 929 4210 1000 huius

845 1041 1161 1108 exitiosae
1213 1039 1512 1108 factionis
1569 1061 1726 1128 opes
1784 1038 2139 1127 infringere
2193 1049 2262 1107 et
2315 1041 2617 1110 restituto
2672 1040 3167 1130 lompletiorum
3222 1039 3458 1108 civium
3526 1038 3755 1112 ordine
3816 1041 4211 1131 reipublicae

843 1153 1090 1219 mederi
1157 1150 1481 1220 studebat.
1577 1149 1769 1230 Quod
1833 1151 2176 1238 quominus
2237 1153 2577 1242 perficeret
2648 1165 2788 1223 tum
2858 1173 2983 1220 sua
3046 1151 3249 1242 ipsius
3310 1151 3723 1222 vehementia.
3774 1163 3843 1220 et
3902 1153 4210 1224 immode-

844 1265 1096 1331 ratione
1110 1314 1129 1349 ,
1211 1273 1350 1331 tum
1403 1263 1806 1354 optimatium
1864 1262 2144 1330 maxime
2203 1265 2547 1356 iniquitate
2602 1275 2667 1332 et
2720 1264 3155 1332 obstinatione
3208 1262 3553 1353 impeditus
3614 1275 3733 1332 est.
3820 1264 3933 1334 Sic
3994 1276 4212 1337 autem

843 1378 1084 1444 factum
1128 1385 1257 1455 est,
1299 1385 1374 1443 ut
1412 1399 1613 1465 quum
1654 1375 1917 1442 Tiberio
1961 1399 2094 1446 non
2135 1379 2541 1467 contingeret
2554 1427 2574 1462 ,
2634 1387 2707 1446 ut
2746 1399 2987 1444 novum
3028 1374 3321 1446 ordinem
3360 1385 3649 1464 pararet,
3706 1376 3821 1466 qui
3858 1387 4029 1462 esset
4068 1378 4210 1448 fun·-

843 1489 1217 1558 damentum
1258 1489 1652 1578 reipublicae
1665 1538 1684 1572 ‚
1770 1488 2175 1577 optimatium
2233 1500 2449 1557 autem
2492 1490 2843 1558 auctoritas
2887 1488 3157 1556 detectis
3202 1510 3425 1556 eorum
3468 1488 3741 1556 avaritia
3780 1489 4211 1578 omnibusque

843 1601 1036 1668 malis
1079 1601 1324 1668 artibus
1381 1600 1796 1667 nihilominus
1851 1602 2261 1690 frangeretur
2275 1651 2293 1686 ,
2381 1600 2503 1669 etsi
2544 1625 2628 1670 ex
2678 1601 3136 1670 certaminibus
3177 1601 3387 1690 primo
3430 1611 3721 1689 tempore
3762 1602 4039 1672 victores
4082 1602 4208 1674 dis-

843 1724 1193 1796 cesserunt,
1235 1713 1558 1796 Tiberius,
1601 1736 1642 1778 a
1681 1737 1810 1803 quo
1851 1724 2070 1780 tantae
2111 1713 2462 1780 seditiones
2508 1724 2687 1780 ortae
2728 1723 2909 1798 sunt,
2970 1735 3355 1801 magnorum
3398 1712 3955 1784 incommodorum
3994 1715 4207 1804 reipu-

845 1827 1057 1893 blicae
1104 1835 1330 1892 auctor
1371 1826 1723 1911 diceretur,
1786 1826 2152 1893 discrimine
2206 1827 2376 1892 inter
2416 1851 2521 1894 res
2562 1828 2735 1916 ipsas
2788 1847 3134 1915 rerumque
3190 1849 3417 1894 causas
3476 1826 3733 1894 omisso.
3817 1826 3969 1896 Hoc
4007 1850 4211 1898 unum

843 1938 1100 2004 videtur
1140 1938 1208 2003 in
1253 1937 1519 2004 Tiberio
1564 1938 2060 2026 vituperandum
2101 1961 2242 2005 esse
2252 1989 2273 2022 ‚
2341 1940 2516 2028 quod
2562 1963 2763 2028 quum
2804 1939 3198 2027 intelligeret
3240 1937 3755 2008 adversariorum
3794 1939 4207 2006 vehementia

843 2060 910 2116 et
952 2050 1228 2117 avaritia
1266 2073 1336 2116 se
1397 2049 1728 2139 impediri,
1795 2051 2140 2138 quominus
2181 2051 2478 2137 legitima
2514 2051 2622 2117 via
2664 2052 2851 2139 quasi
2890 2060 3236 2118 renovaret
3274 2049 3769 2140 rempublicam,
3834 2060 3969 2118 non
4008 2051 4204 2146 plane

844 2163 926 2229 ab
970 2163 1230 2252 incepto
1287 2163 1533 2228 destitit
1573 2161 1686 2228 sed
1727 2163 1858 2228 iam
1899 2185 2018 2251 per
2053 2163 2187 2228 vim
2229 2173 2295 2228 et
2335 2161 2637 2230 iniuriam
2680 2163 2926 2252 optima
2966 2187 3084 2230 sua
3125 2162 3396 2230 consilia
3435 2163 3738 2251 persequi
3780 2172 4049 2232 conatus
4092 2172 4207 2234 est.

842 2274 1036 2341 Multi
1075 2275 1200 2340 viri
1241 2275 1606 2362 gravissimi
1648 2284 1714 2341 et
1755 2275 2243 2362 sapientissimi,
2318 2276 2430 2363 qui
2489 2275 2621 2341 iam
2680 2274 2915 2342 diutius
2970 2276 3039 2340 in
3096 2275 3290 2341 rebus
3348 2275 3650 2365 gerendis
3707 2276 3947 2344 versati
4002 2286 4207 2359 eram,

839 2396 1187 2478 propterea
1237 2385 1422 2453 initio
1485 2386 1751 2452 consilio
1795 2397 1862 2452 et
1903 2388 2284 2454 auctoritate
2335 2410 2454 2454 sua
2495 2387 2743 2454 Tiberii
2798 2389 3017 2474 legem
3076 2387 3493 2463 adiuverunt,
3578 2386 3754 2475 quod
3808 2410 3941 2454 non
3994 2387 4209 2456 minus

841 2501 1295 2588 intelligebant
1333 2499 1814 2588 rempublicam,
1856 2499 1980 2566 nisi
2025 2500 2241 2588 aliquo
2285 2499 2479 2566 modo
2522 2499 2909 2580 reficeretur,
2951 2499 3217 2568 iamiam
3256 2498 3339 2565 ad
3381 2499 3626 2566 exitum
3666 2523 3956 2588 vergere.
4016 2499 4211 2579 Quod

843 2614 955 2702 qui
1009 2612 1392 2703 perficerent
1443 2613 1511 2678 in
1553 2612 1858 2700 ambiguo
1917 2623 2120 2678 erant.
2208 2612 2445 2701 Itaque
2501 2635 2647 2678 cum
2700 2612 2981 2701 partium
3039 2610 3253 2678 studia
3292 2621 3361 2678 et
3416 2610 3735 2695 libidines,
3792 2636 3941 2679 cum
4001 2613 4209 2701 plebis

841 2725 1284 2792 infirmitatem
1327 2734 1392 2790 et
1434 2724 1931 2790 inconstantiam
1974 2725 2140 2790 bene
2180 2724 2547 2808 novissent,
2592 2724 2899 2790 nolebant
2939 2747 3079 2790 rem
3122 2721 3395 2810 aggredi
3435 2724 4078 2811 periculosissimam,
4141 2726 4210 2794 in

843 2861 976 2926 qua
1015 2836 1297 2903 maxime
1341 2846 1480 2902 erat
1522 2837 1818 2920 dubium,
1890 2859 2105 2902 nonne
2143 2847 2355 2903 totum
2402 2859 2635 2925 corpus
2675 2836 2951 2925 periret,
3018 2834 3074 2900 si
3116 2836 3260 2923 quis
3302 2834 3622 2902 medelam
3668 2835 3972 2904 adhibere
4011 2838 4211 2904 vellet

841 2948 1145 3016 membris
1200 2949 1437 3038 aegris.
1545 2951 1984 3038 Desperantes
2037 2950 2239 3036 igitur
2293 2972 2432 3016 rem
2489 2971 2559 3014 se
2614 2970 2759 3014 esse
2816 2955 3231 3014 exsecuturos
3295 2949 3781 3017 saluberrimam
3796 2997 3817 3032 ,
3900 2972 3984 3015 ne
4038 2949 4213 3018 mala

842 3062 1198 3129 excitarent
1253 3061 1606 3129 commodis
1662 3062 1908 3129 maiora
1950 3062 2032 3128 ab
2075 3086 2154 3127 ea
2211 3062 2629 3128 absistebant.
2712 3061 2857 3127 Has
2922 3069 3135 3129 autem
3192 3059 3605 3129 difficultates
3661 3060 3961 3129 Tiberius
3976 3111 3999 3145 ,
4082 3084 4211 3150 qua

843 3183 981 3240 erat
1023 3174 1222 3240 animi
1263 3175 1714 3241 benevolentia
1769 3184 1836 3240 et
1873 3173 2342 3257 misericordia,
2403 3198 2533 3264 qua
2573 3173 2783 3241 laudis
2826 3172 3181 3263 cupiditate
3195 3222 3215 3257 ,
3272 3198 3401 3261 quo
3443 3174 3793 3243 iuventutis
3838 3174 4086 3258 ardore,
4126 3196 4211 3243 ne

847 3284 1303 3351 animadvertit
1364 3286 1644 3375 quidem.
1772 3286 1937 3352 Inde
1993 3296 2066 3353 ut
2132 3286 2379 3353 Tiberii
2437 3286 2671 3375 peritia
2732 3296 2799 3352 et
2861 3284 3208 3374 prudentia
3266 3286 3335 3353 in
3395 3287 3591 3355 rebus
3652 3286 3929 3375 publicis
3995 3285 4207 3355 minus

847 3406 1147 3486 apparet,
1217 3396 1312 3463 ita
1367 3408 1621 3465 ceterae
1691 3399 1828 3465 eius
1882 3398 2154 3465 virtutes
2229 3420 2304 3464 eo
2370 3399 2605 3465 clarius
2670 3399 3067 3467 illucescunt.
3154 3396 3301 3477 Quo
3347 3397 3493 3487 quis
3534 3398 3709 3467 enim
3750 3399 3994 3467 maiore
4038 3398 4213 3491 cupi·

844 3509 1047 3577 ditate
1090 3509 1234 3576 aliis
1289 3511 1598 3577 auxilium
1655 3511 1902 3577 ferendi
1959 3534 2266 3577 accensus
2321 3522 2420 3577 est
2434 3561 2452 3596 ,
2539 3533 2667 3600 quo
2709 3511 2919 3599 magis
2962 3511 3024 3577 ei
3063 3532 3447 3600 persuasum
3490 3520 3587 3579 est
3627 3534 3767 3579 rem
3808 3534 3878 3577 se
3920 3520 4210 3599 spectare

841 3622 1253 3689 utilissimam
1275 3674 1292 3706 ‚
1380 3646 1456 3689 eo
1514 3624 1726 3689 minus
1779 3624 1890 3689 vel
1931 3623 2330 3709 gravissimis
2374 3622 2851 3712 impedimentis
2897 3623 2979 3691 ab
3022 3646 3101 3689 ea
3142 3622 3517 3691 deterretur.
3606 3622 3855 3703 Quodsi
3907 3622 4209 3691 Tiberius

843 3758 973 3801 non
1016 3744 1198 3801 tanto
1239 3734 1454 3802 studio
1497 3736 1872 3824 flagrasset,
1930 3734 2162 3801 Italiae
2203 3736 2477 3802 vulnera
2518 3733 2791 3801 sanandi
2832 3735 3245 3824 reipublicae·
3268 3736 3539 3803 exitiosa
3581 3737 3829 3819 futura,
3890 3734 4211 3803 omisisset

840 3870 998 3914 sane
1038 3871 1175 3913 rem
1219 3848 1345 3915 sibi
1380 3849 1730 3937 perniciem
1777 3847 2162 3914 discordiam
2202 3848 2597 3937 reipublicae
2638 3847 3005 3915 allaturam.

1086 3959 1512 4047 Promulgata
1567 3960 1767 4048 igitur
1824 3960 1949 4025 hac
2007 3962 2154 4049 lege
2211 3962 2618 4051 optimatium
2674 3969 2884 4027 metus
2927 3970 2995 4027 et
3032 3961 3130 4027 ira
3184 3959 3741 4028 vehementissime
3812 3968 4207 4027 exarserunt.

839 4070 1141 4138 Tiberius
1186 4081 1406 4138 autem
1447 4082 1784 4161 tantopere
1825 4074 2086 4140 valebat
2127 4074 2381 4142 dicendi
2420 4074 2489 4139 vi
2502 4123 2521 4156 ,
2606 4082 2681 4138 ut
2736 4071 2951 4161 legem
3006 4094 3191 4141 suam
3249 4070 3624 4139 defenderet
3666 4069 4207 4160 splendidissime.

840 4180 972 4262 Qui
1030 4184 1202 4250 enim
1256 4186 1362 4251 vel
1417 4186 1628 4250 minus
1684 4185 1917 4251 iustam
1975 4196 2041 4251 et
2093 4186 2433 4253 honestam
2495 4208 2755 4253 causam
2813 4184 2968 4251 satis
3026 4184 3317 4275 speciose
3368 4193 3646 4252 tractare
3699 4195 3957 4273 posset,
4038 4183 4095 4249 is
4136 4181 4208 4249 in

841 4318 1040 4362 causa
1079 4296 1536 4365 honestissima
1587 4298 1884 4365 omnibus
1940 4298 2194 4365 dicendi
2251 4298 2601 4365 luminibus
2663 4320 2817 4363 usus
2838 4346 2859 4379 ,
2941 4296 3109 4384 legis
3164 4295 3503 4365 commoda
3565 4295 3882 4363 rhetorice
3940 4317 4208 4383 augens,

838 4408 1250 4475 incommoda
1288 4410 1398 4477 vel
1447 4410 1799 4498 prudenter
1852 4410 2146 4477 minuens
2201 4411 2308 4477 vel
2342 4420 2573 4498 tegens
2624 4417 2811 4475 caute
2854 4410 3051 4495 longe
3093 4409 3384 4499 superior
3424 4408 3547 4475 fuit
3590 4405 3992 4475 adversariis.
4081 4404 4209 4485 Qui

841 4543 1040 4608 quum
1084 4522 1296 4611 ipsum
1339 4522 1670 4589 Tiberium
1717 4546 1756 4589 a
1795 4524 1945 4610 lege
1985 4522 2256 4588 ferenda
2297 4522 2573 4588 retinere
2628 4543 2761 4586 non
2817 4530 3115 4609 possent,
3202 4521 3525 4607 collegam
3582 4519 3719 4585 eius
3778 4519 4053 4603 adeunt,
4112 4520 4207 4588 M.

839 4632 1216 4718 Octavium,
1301 4643 1374 4700 ut
1415 4636 1629 4723 legem
1685 4636 1822 4701 eius
1878 4634 2336 4701 intercedendo
2396 4635 2641 4700 irritam
2700 4634 3015 4701 redderet.
3102 4634 3257 4699 Fuit
3300 4644 3517 4700 autem
3560 4629 3873 4699 Octavius
3920 4631 4207 4720 aequalis

839 4755 907 4810 et
947 4745 1282 4812 familiaris
1329 4746 1608 4831 Tiberii,
1672 4748 1920 4814 iuvenis
1979 4747 2278 4835 gravium
2319 4770 2573 4813 morum
2616 4756 2680 4812 et
2721 4748 3125 4826 moderatus,
3192 4754 3265 4811 ut
3307 4745 3396 4809 ait
3436 4741 3844 4810 Plutarchus.

1093 4858 1293 4924 Venit
1313 4882 1484 4925 nunc
1525 4860 1593 4924 in
1635 4862 2097 4949 quaestionem,
2141 4860 2659 4927 intercesseritne
2683 4860 2995 4927 Octavius
3036 4858 3328 4944 collegae
3374 4856 3526 4944 legi,
3572 4856 3727 4945 quia
3768 4878 3911 4921 eam
3954 4879 4209 4945 rempu-

838 4972 1076 5039 blicam
1097 4972 1616 5057 perturbaturam
1647 4994 1858 5061 neque
1885 4971 2034 5038 inde
2055 4972 2409 5061 quidquam
2454 4973 2679 5039 salutis
2722 4982 2791 5038 et
2832 4970 3054 5038 auxilii
3078 4968 3587 5037 redundaturum
3613 4991 3753 5035 esse
3779 4968 4207 5053 existimabat,
