4706 6078
2167 597 2210 674 '2

506 830 880 900 Corneliam
921 829 1184 896 Tiberio
1227 829 1429 897 filium
1473 830 1580 896 vel
1619 828 1820 895 filiam
1861 830 2218 918 peperisse3
2283 827 2435 894 inde
2478 823 2821 912 colligitur,
2864 821 3199 890 Tiberium
3244 821 3299 889 si
3341 847 3475 890 non
3517 822 3872 891 maximum

502 954 680 1028 natu,
727 952 794 1009 at
835 965 1036 1009 unum
1078 965 1162 1008 ex
1201 941 1500 1009 maximis
1539 940 1740 1007 fuisse
1783 939 2126 1008 Corneliae
2165 941 2407 1008 liberis.
2494 936 2687 1018 Quod
2730 945 2948 1001 autem
2991 931 3298 1000 Cornelia
3338 935 3569 1002 marito
3612 945 3867 1002 mortuo

503 1056 702 1123 etiam
741 1055 992 1122 iuvenis
1056 1054 1290 1121 dicitur
1302 1105 1322 1138 ,
1407 1076 1555 1120 cum
1609 1053 1829 1120 multis
1888 1053 2026 1120 aliis
2083 1055 2278 1121 rebus
2331 1052 2521 1118 nobis
2565 1051 2949 1117 documento
3010 1056 3139 1130 est,
3205 1044 3610 1132 Corneliam,
3669 1071 3871 1136 quum

504 1168 776 1234 nuberet
818 1165 1116 1250 Tiberio,
1163 1189 1404 1232 annum
1445 1165 1820 1232 vicesimum
1861 1188 1993 1232 non
2036 1166 2256 1232 multis
2300 1164 2485 1230 annis
2528 1183 2858 1251 egressam
2902 1182 3062 1226 esse.
3165 1158 3315 1226 Hoc
3372 1159 3427 1224 si
3469 1182 3694 1226 verum
3750 1169 3871 1243 est,

505 1278 846 1364 Cornelia,
911 1302 1111 1368 quum
1154 1287 1339 1367 pater
1381 1287 1768 1362 moreretur,
1825 1277 2040 1344 infans
2095 1278 2218 1343 fuit
2232 1326 2251 1360 ,
2307 1276 2390 1341 de
2434 1298 2564 1364 qua
2604 1271 3063 1363 despondcnda
3101 1281 3290 1361 pater
3345 1295 3428 1338 ne
3481 1271 3693 1360 potuit
3733 1271 3871 1361 qui·

508 1391 658 1459 dem
699 1390 1024 1480 cogitare3
1081 1390 1462 1478 neutiquam
1503 1391 1691 1479 virgo
1733 1389 1992 1458 iamiam
2035 1399 2290 1456 matura
2336 1388 2480 1454 fuit.
2608 1384 2800 1465 Quod
2855 1385 3001 1451 Tib.
3060 1395 3409 1472 quaestura
3448 1383 3873 1473 Hispaniensi

505 1505 640 1572 iam
697 1525 868 1569 anno
927 1503 1048 1568 617
1104 1502 1362 1569 functus
1425 1512 1558 1588 est,
1621 1501 1770 1568 ideo
1826 1523 2036 1590 neque
2093 1499 2387 1567 Ellendti
2442 1499 2812 1568 coniectura
2862 1497 3113 1564 Tiberii
3166 1521 3407 1564 annum
3465 1497 3747 1562 natalem
3804 1489 3913 1562 in'

507 1639 750 1683 annum
794 1616 918 1682 588
963 1615 1070 1681 vel
1108 1617 1236 1682 590
1275 1612 1578 1682 incidisse
1619 1613 1990 1697 statuentis,
2032 1636 2246 1703 neque
2288 1611 2775 1682 Westermanni
2820 1609 3035 1699 opinio
3080 1633 3228 1677 eum
3273 1633 3442 1676 anno
3485 1611 3607 1676 585
3650 1620 3875 1676 natum

508 1751 651 1795 esse
697 1727 1159 1813 existimantis,
1204 1728 1260 1794 si
1303 1727 1565 1817 quidem
1603 1750 1720 1793 suo
1765 1749 1934 1792 anno
1976 1727 2088 1792 illo
2131 1749 2397 1792 munere
2439 1726 2697 1792 functus
2742 1723 2858 1806 sit,
2911 1722 3247 1811 probanda
3286 1721 3575 1808 videtur3
3634 1723 3875 1789 etenim

508 1841 724 1928 legem
769 1839 1027 1906 Villium
1073 1861 1204 1905 non
1250 1862 1506 1929 semper
1546 1839 1825 1906 valuisse
1865 1839 2084 1905 multis
2127 1838 2439 1928 exemplis
2494 1837 2817 1903 docemur.
2916 1836 3064 1903 Hac
3106 1835 3185 1901 de
3225 1859 3296 1902 re
3338 1835 3485 1901 vide
3528 1835 3875 1902 Mercklini

510 1950 592 2018 de
635 1950 976 2019 Corneliae
1029 1952 1168 2018 vita
1221 1951 1828 2018 commentationem
1890 1975 1956 2040 p.
1987 1952 2049 2018 8.
2134 1950 2459 2016 Mercklin
2500 1949 2647 2016 Tib.
2708 1972 2879 2016 anno
2934 1949 3057 2015 592
3115 1949 3218 2014 vel
3271 1949 3383 2014 591
3449 1957 3675 2014 natum
3732 1969 3875 2014 esse

505 2062 862 2149 concludit3
904 2073 1252 2154 propterea
1294 2075 1511 2130 autem
1553 2088 1762 2131 annus
1803 2064 1919 2130 591
1970 2062 2431 2151 praeferendus
2472 2062 2631 2127 mihi
2672 2061 2945 2144 videtur,
2988 2060 3162 2149 quod
3184 2060 3331 2126 Tib.
3364 2060 3495 2126 iam
3538 2083 3707 2126 anno
3750 2059 3875 2125 607

507 2177 818 2243 Africano
865 2175 1026 2242 duce
1069 2176 1398 2265 stipendia
1436 2177 1705 2260 meruit,
1761 2199 1890 2266 quo
1947 2185 2236 2265 tempore
2251 2226 2270 2259 ,
2336 2175 2393 2241 si
2450 2197 2619 2240 anno
2664 2176 2775 2242 591
2829 2183 3019 2240 natus
3060 2181 3191 2258 est,
3246 2195 3487 2239 annum
3544 2172 3681 2260 egit
3735 2195 3875 2239 sex·

507 2298 645 2355 tum
708 2287 1049 2354 decimum.
1177 2289 1511 2355 Romanos
1555 2288 1746 2355 valde
1791 2287 2306 2357 adulescentulos
2347 2287 2768 2376 imperatores
2824 2287 2893 2353 in
2958 2295 3172 2352 castra
3234 2295 3489 2352 secutos
3546 2307 3688 2352 esse
3742 2308 3876 2352 non

509 2413 609 2469 est
649 2401 980 2489 ignotum3
1037 2400 1151 2466 sed
1194 2400 1528 2468 Tiberium
1587 2423 1668 2466 ne
1711 2401 1991 2468 sedecim
2033 2400 2294 2490 quidem
2351 2423 2557 2466 annos
2599 2408 2824 2466 natum
2884 2399 3013 2465 iam
3074 2397 3158 2464 ad
3215 2397 3457 2464 bellum
3513 2399 3877 2487 profectum

513 2537 656 2580 esse
702 2513 810 2580 vix
853 2523 953 2578 est
995 2512 1320 2580 credibile.
1406 2512 1737 2580 Plutarchi
1777 2513 1978 2602 igitur
2021 2513 2403 2580 auctoritate
2443 2512 2664 2598 nixus,
2710 2535 2903 2601 quam
2948 2509 3123 2599 quod
3164 2511 3233 2576 in
3274 2507 3642 2576 huiusmodi
3682 2509 3875 2576 rebus

509 2625 920 2716 repudiemus
965 2625 1225 2690 omnino
1267 2647 1400 2691 non
1445 2634 1576 2711 est,
1617 2625 1765 2692 Tib.
1811 2649 1980 2692 anno
2021 2625 2140 2692 591
2187 2637 2416 2693 natum
2458 2649 2599 2692 esse
2642 2625 2961 2692 existimo.

757 2737 1040 2827 Optimis
1081 2737 1458 2827 parentibus
1500 2737 1650 2803 Tib.
1695 2747 1919 2805 natum
1960 2761 2102 2804 esse
2145 2761 2371 2804 omnes
2422 2747 2673 2804 veteres
2715 2737 2884 2803 inter
2924 2759 2995 2801 se
3038 2735 3483 2819 consentiunt3
3552 2733 3739 2800 huius
3781 2734 3878 2800 rei

509 2851 688 2916 locos
730 2849 1033 2916 classicos
1076 2849 1226 2915 vide
1271 2849 1442 2938 apud
1488 2848 1870 2917 Ciceronem
1914 2849 1994 2916 (16
2036 2850 2212 2916 finib.
2258 2852 2411 2918 bon.
2459 2860 2525 2917 et
2564 2850 2715 2916 mal.
2758 2847 2881 2932 IV,
2924 2847 3040 2932 24,
3080 2849 3198 2933 653
3240 2848 3309 2914 in
3353 2845 3549 2914 Catil.
3594 2844 3652 2929 1,
3696 2847 3757 2929 2,
3798 2845 3875 2931 43

511 2961 591 3028 de
633 2961 802 3028 offic.
847 2960 955 3047 II,
999 2961 1114 3046 23,
1156 2962 1273 3048 803
1339 2961 1559 3028 Valer.
1604 2963 1872 3029 Maxim.
1917 2962 1973 3049 I,
2027 2969 2076 3047 1,
2121 2967 2194 3048 33
2241 2963 2372 3048 VI,
2415 2966 2488 3047 5,
2530 2964 2590 3029 3.
2678 2959 2907 3028 Cicero
2952 2961 3033 3027 de
3075 2969 3289 3028 natur.
3336 2960 3508 3028 deor.
3552 2960 3648 3047 II,
3690 2962 3752 3047 4,
3801 2961 3872 3026 11

513 3075 664 3142 Tib.
708 3084 962 3164 patrem
1006 3073 1162 3140 dicit
1202 3074 1410 3141 virum
1456 3076 2000 3163 sapientissimum
2045 3085 2238 3165 atque
2299 3075 2474 3143 haud
2536 3076 2735 3143 sciam
2776 3096 2861 3140 an
2902 3073 3190 3141 omnium
3230 3074 3874 3164 praestantissimum.

508 3187 616 3253 De
659 3187 832 3255 offic.
877 3186 981 3272 ΙΙ,
1029 3187 1138 3271 12,
1181 3189 1262 3253 43
1306 3188 1467 3253 haec
1508 3188 1814 3275 legimus:
1869 3188 2018 3256 Tib.
2065 3187 2403 3257 Gracchus
2445 3188 2522 3255 P.
2566 3188 2648 3254 T.
2692 3198 2827 3253 tam
2870 3186 2981 3254 diu
3023 3186 3423 3270 laudabitur,
3466 3185 3619 3254 dum
3660 3210 3877 3255 rerum

509 3300 958 3367 Romanarum
1000 3300 1312 3366 memoria
1352 3299 1732 3365 remanebit.
1819 3298 2144 3379 Quantam
2189 3300 2389 3368 animi
2430 3299 2944 3390 magnitudinem
2985 3301 3053 3366 in
3096 3300 3173 3366 P.
3218 3298 3621 3389 Scipionem,
3666 3324 3705 3367 a
3746 3322 3875 3389 quo

512 3412 901 3501 reipublicae
943 3435 1140 3479 causa
1182 3412 1631 3497 dissentiebat,
1674 3414 2099 3502 praestiterit,
2143 3415 2423 3504 legimus
2469 3411 2642 3503 apud
2681 3412 2836 3479 Aul.
2882 3410 3057 3479 Gall.
3104 3411 3244 3479 VII
3255 3462 3277 3497 ,
3324 3414 3435 3499 193
3522 3414 3603 3479 cf.
3646 3413 3875 3480 Aurel.

510 3524 683 3590 Vict.
729 3522 809 3589 de
850 3523 1005 3590 viris
1048 3524 1282 3590 illustr.
1329 3548 1383 3590 c.
1427 3528 1544 3611 573
1601 3525 1821 3592 Valer.
1864 3527 2131 3593 Maxim.
2177 3526 2311 3611 IV,
2355 3526 2428 3611 2,
2472 3527 2542 3613 33
2608 3523 2817 3593 Cicer.
2882 3524 2963 3591 de
3006 3526 3295 3615 provinc.
3356 3526 3599 3593 consul.
3642 3524 3716 3609 8,
3766 3525 3877 3610 183

513 3636 597 3701 de
660 3643 800 3702 tota
853 3659 926 3702 re
989 3637 1072 3701 cf.
1127 3636 1564 3725 Heerwageni
1632 3635 1712 3704 de
1766 3638 1841 3704 P.
1899 3647 1964 3707 et
2018 3638 2098 3705 L.
2155 3638 2533 3728 Scipionum
2590 3638 2999 3705 accusatione
3057 3637 3520 3726 quaestionem.
3645 3637 3881 3725 Neque

513 3747 724 3813 minus
765 3746 1068 3815 laudatur
1107 3771 1326 3815 rarum
1366 3749 1506 3817 eius
1550 3750 1785 3817 amoris
1826 3752 2184 3840 coniugalis
2227 3753 2623 3841 exemplum,
2684 3774 2723 3816 a
2778 3749 2989 3816 multis
3042 3750 3463 3839 scriptoribus
3517 3749 3706 3817 nobis
3748 3760 3878 3815 tra-

515 3858 740 3926 ditum.
827 3857 994 3926 Cum
1031 3860 1204 3927 enim
1247 3860 1410 3927 duos
1455 3884 1700 3952 angues
1745 3861 1922 3930 domi
1963 3864 2569 3954 comprehendisset,
2611 3863 2981 3952 haruspices
3024 3862 3421 3929 convocavit.
3508 3861 3639 3942 Qui
3680 3884 3879 3950 quum

513 3972 1028 4062 respondissent,
1086 3974 1143 4039 si
1197 3996 1442 4039 marem
1498 3975 1846 4060 emisisset,
1913 3978 2102 4043 uxori
2162 3977 2346 4044 brevi
2400 3987 2693 4065 tempore
2750 3999 2889 4043 esse
2931 3973 3366 4041 moriendum:
3434 3974 3489 4040 si
3551 3974 3880 4058 feminam,

515 4085 670 4174 ipsi,
727 4085 994 4174 aequius
1037 4108 1180 4151 esse
1223 4086 1473 4152 censuit
1525 4108 1596 4153 se
1649 4097 1967 4156 maturam
2024 4099 2330 4179 oppetere
2387 4100 2661 4157 mortem
2701 4112 2893 4177 quam
2936 4087 3012 4154 P.
3058 4087 3351 4153 Africani
3402 4087 3604 4153 filiam
3660 4086 3881 4153 adole-

517 4208 834 4266 scentem:
881 4197 1186 4264 feminam
1231 4198 1460 4281 emisit,
1504 4198 1644 4288 ipse
1684 4201 1906 4289 paucis
1946 4212 2096 4291 post
2137 4201 2364 4269 diebus
2408 4211 2508 4268 est
2548 4210 2875 4287 mortuus3
2919 4199 3068 4266 vide
3110 4197 3249 4267 Cic.
3296 4199 3376 4265 de
3418 4198 3615 4265 divin.
3662 4198 3733 4281 Ι,
3780 4198 3878 4280 18,

517 4311 634 4395 363
675 4310 780 4395 11,
823 4310 940 4394 ⁶29,
981 4310 1098 4395 623
1156 4309 1376 4376 Valer.
1422 4310 1687 4377 Maxim.
1732 4312 1854 4396 IV,
1897 4314 1968 4398 6,
2021 4318 2086 4400 ¹3
2141 4314 2367 4381 Aurel.
2413 4314 2583 4382 Vict.
2640 4312 2721 4379 de
2760 4314 2880 4382 vir.
2926 4312 3017 4379 ill.
3060 4312 3173 4390 673
3235 4311 3407 4378 Plin.
3470 4322 3682 4377 natur.
3728 4310 3877 4377 hist.

520 4421 692 4505 VII,
739 4422 854 4505 36,
903 4422 1054 4507 12:23
1117 4422 1198 4489 (16
1240 4422 1556 4511 religione
1613 4423 1751 4490 eius
1805 4425 1933 4491 vid.
1980 4424 2116 4493 Cic.
2163 4425 2244 4493 (16
2302 4436 2513 4494 natur.
2580 4426 2754 4493 deor.
2801 4425 2907 4509 ΙΙ,
2948 4426 3023 4509 4,
3072 4426 3179 4510 1ος
3245 4424 3325 4490 (16
3386 4422 3583 4491 divin.
3628 4421 3733 4507 ΙΙ,
3777 4424 3878 4507 35,

519 4534 635 4619 ’74;
695 4531 778 4598 ad
820 4531 1042 4612 Quint.
1085 4534 1266 4599 fratr.
1310 4533 1419 4618 II,
1461 4535 1537 4620 2,
1585 4538 1640 4601 1.
1763 4535 1859 4603 Ut
1900 4536 2096 4603 breve
2153 4538 2421 4623 faciam,
2478 4548 2577 4605 tot
2630 4538 2957 4625 tantisque
2996 4536 3143 4603 Tib.
3208 4536 3555 4603 virtutibus
3612 4545 3879 4602 ornatus

519 4644 645 4711 fuit
699 4644 990 4735 adeoque
1054 4646 1449 4731 constantia,
1511 4646 1942 4734 humanitate,
2004 4647 2318 4717 modestia
2372 4650 2724 4739 praestitit,
2785 4660 2859 4716 ut
2913 4649 2977 4716 N
2982 4649 3232 4715 itzschii
3288 4648 3525 4716 iudicio
3582 4648 3651 4713 in
3704 4647 3881 4714 omni

520 4779 736 4824 rerum
778 4756 1219 4825 Romanarum
1263 4759 1576 4825 memoria
1615 4758 1726 4825 vix
1768 4760 2108 4849 quisquam
2151 4762 2210 4829 ei
2273 4762 2737 4852 praeferendus
2778 4762 3093 4828 videatur.
3220 4761 3405 4827 Idem
3460 4770 3680 4828 censet
3721 4758 3879 4826 Nie-

523 4869 724 4954 buhr,
783 4870 900 4959 qui
949 4870 1020 4937 in
1092 4871 1398 4938 historiae
1451 4871 1642 4937 Rom.
1704 4882 1890 4961 parte
1946 4872 2058 4938 III
2071 4923 2092 4958 ,
2153 4897 2218 4964 p.
2263 4876 2379 4940 341
2440 4884 2646 4942 totam
2708 4872 3153 4941 Gracchorum
3221 4883 3488 4963 gentem
3562 4872 3879 4960 singulari

525 4982 806 5071 quadam
862 4981 1261 5050 humanitate
1319 5008 1395 5050 ac
1456 4983 1744 5049 bonitate
1802 4986 2150 5053 eminuisse
2207 4985 2394 5071 dicit,
2455 5009 2622 5077 quae
2684 4986 2943 5076 quidem
2994 4986 3267 5053 virtutes
3340 4987 3425 5052 ab
3486 4985 3749 5074 ingenio
3814 4994 3883 5050 et

523 5102 758 5162 natura
797 5094 1097 5164 Romana
1135 5118 1449 5187 persaepe
1492 5094 1742 5163 alienae
1781 5106 1985 5165 erant.
2111 5099 2263 5167 Huc
2303 5122 2385 5167 ea
2424 5123 2681 5189 quoque
2722 5099 3061 5169 referenda
3114 5110 3266 5169 sunt
3276 5149 3296 5185 ,
3359 5120 3527 5188 quae
3568 5098 3741 5165 idem
3782 5097 3889 5163 vir
