4706 6078
2215 574 2268 662 5
2329 693 2332 695 Α

549 809 922 882 consilia
960 810 1224 897 probet,
1283 817 1359 874 ut
1399 817 1554 876 sunt
1591 808 1960 897 probanda,
2025 810 2220 878 etiam
2261 811 2483 882 omnia
2536 811 2675 882 fere
2732 807 3179 875 Gracchorum
3232 809 3491 893 facta,
3558 810 3627 880 in
3684 807 3923 900 quibus

549 942 864 1013 persaepe
906 922 1152 990 maiore
1193 921 1442 1010 impetu
1485 944 1682 1009 quam
1724 921 2166 990 moderatione
2223 924 2324 992 usi
2382 931 2564 1005 sunt,
2650 920 2890 987 laudat.
3018 919 3237 988 Etiam
3293 920 3415 987 hac
3470 921 3671 1009 igitur
3725 923 3793 990 in
3844 945 3921 990 re

555 1045 858 1125 apparet,
920 1057 1070 1117 eos,
1139 1035 1254 1121 qui
1309 1033 1378 1104 in
1433 1033 1888 1122 pertractanda
1941 1034 2248 1104 historiae
2308 1045 2494 1126 parte
2550 1055 2919 1105 communes
2962 1031 3043 1097 de
3084 1033 3277 1100 rebus
3318 1033 3593 1120 publicis
3633 1034 3921 1104 rationes

552 1156 906 1238 sequantur
935 1157 1128 1235 atque
1159 1145 1244 1212 ad
1271 1145 1441 1214 hanc
1473 1147 1661 1234 quasi
1702 1170 1997 1216 normam
2043 1171 2118 1214 ac
2159 1150 2456 1236 regulam
2497 1147 2755 1217 laudem
2798 1155 2993 1233 atque
3034 1144 3571 1233 vituperationem
3611 1123 3915 1232 referant,

552 1271 618 1329 et
657 1261 832 1350 ipsos
875 1259 942 1326 in
985 1281 1238 1326 errores
1280 1258 1428 1327 duci
1471 1268 1537 1324 et
1578 1279 1834 1342 eorum,
1877 1261 1990 1348 qui
2033 1260 2220 1327 aliter
2261 1259 2579 1342 sentiant,
2618 1258 2859 1326 iudicia
2898 1257 3118 1345 inique
3158 1257 3523 1326 aestimare.

797 1371 1212 1440 Mommsenii
1267 1369 1503 1438 librum
1561 1370 1655 1454 ei,
1721 1372 1832 1460 qui
1891 1371 1972 1441 de
2013 1371 2322 1440 historiae
2364 1372 2700 1440 Romanae
2742 1379 2929 1460 parte
2972 1369 3225 1453 scribit,
3289 1370 3549 1459 plurimi
3606 1372 3918 1438 momenti

552 1507 692 1558 esse
733 1508 852 1573 per
893 1506 963 1552 se
1005 1492 1300 1573 apparet3
1377 1483 1548 1552 hunc
1601 1483 1774 1550 enim
1829 1484 2040 1551 virum
2096 1485 2413 1573 singulari
2453 1507 2719 1573 prorsus
2762 1483 2992 1548 mentis
3038 1482 3330 1550 acumine
3370 1483 3733 1571 praeditum
3772 1507 3917 1572 per-

550 1598 790 1667 multos
855 1619 1104 1665 errores
1171 1596 1510 1664 sustulisse
1569 1618 1764 1664 nemo
1825 1595 2106 1683 ignorat.
2205 1598 2439 1685 Neque
2495 1620 2649 1664 vero
2706 1597 2829 1664 hoc
2891 1596 3035 1662 loco
3090 1595 3345 1662 silentio
3404 1596 3917 1684 praetermittere

551 1731 848 1798 possum,
911 1731 1044 1797 qua
1102 1708 1510 1797 potissimum
1570 1729 1642 1776 re
1697 1717 1771 1774 ut
1819 1709 1890 1776 in
1946 1709 2176 1778 ceteris
2229 1709 2379 1776 libri
2431 1708 2723 1797 partibus
2778 1708 2872 1774 ita
2920 1707 2989 1774 in
3029 1706 3152 1774 hac
3193 1705 3275 1772 de
3320 1706 3634 1774 Gracchis
3678 1709 3919 1797 scripta

553 1820 860 1890 offendar.
943 1821 1308 1888 Mommsen
1351 1821 1551 1889 nimia
1591 1843 1786 1909 saepe
1827 1823 2170 1890 severitate
2211 1821 2292 1888 de
2345 1821 2713 1888 hominibus
2770 1819 3053 1886 iudicare
3108 1819 3305 1905 solet3
3367 1820 3597 1886 acerbe
3650 1843 3917 1909 prorsus

552 1943 620 2002 et
659 1932 1075 2021 contemptim
1119 1932 1186 1999 in
1231 1955 1341 2000 eos
1384 1932 1728 2016 invehitur,
1769 1935 1884 2021 qui
1924 1956 2058 2000 non
2099 1933 2274 2002 idem
2315 1956 2569 2022 semper
2608 1933 2678 2000 in
2719 1933 2913 2000 rebus
2954 1932 3229 2020 publicis
3266 1930 3389 1999 sibi
3420 1942 3915 2021 proposuerunt,

549 2044 952 2134 propositum
995 2069 1248 2114 summa
1289 2069 1436 2111 cum
1479 2046 1844 2114 constantia
1882 2046 2204 2134 persecuti
2244 2055 2414 2114 sunt.
2520 2045 2629 2112 Ita
2668 2045 2775 2129 fit,
2831 2054 2905 2111 ut
2944 2044 3239 2112 nonnulli
3278 2045 3434 2127 viri,
3492 2044 3603 2132 qui
3659 2055 3915 2134 tempo-

549 2159 728 2226 ribus
772 2157 1036 2224 mutatis
1080 2158 1268 2224 etiam
1315 2157 1583 2224 consilia
1626 2168 1692 2224 et
1731 2159 2014 2226 rationes
2072 2169 2429 2242 mutarent,
2488 2157 2553 2224 id
2612 2157 2785 2246 quod
2840 2180 3149 2248 persaepe
3203 2158 3447 2248 optima
3500 2167 3716 2223 mente
3773 2158 3917 2225 fieri

548 2279 796 2359 potest,
842 2269 1226 2356 gravissima
1267 2268 1694 2356 castigatione
1737 2271 1821 2336 ab
1861 2293 1939 2336 eo
1980 2280 2329 2356 vexentur3
2398 2293 2530 2337 non
2590 2271 2801 2338 minus
2866 2270 3015 2336 inde
3080 2271 3187 2354 fit,
3250 2280 3323 2336 ut
3377 2270 3550 2336 viros
3604 2269 3807 2336 fortes
3850 2279 3915 2336 et

547 2381 866 2470 propositi
906 2391 1199 2464 tenaces,
1242 2382 1366 2450 etsi
1405 2382 1650 2448 iustitia
1689 2383 1768 2450 iis
1809 2383 2045 2465 defuit,
2088 2383 2355 2451 summis
2398 2383 2695 2452 laudibus
2736 2383 2935 2466 ferat,
2978 2392 3051 2448 ut
3094 2381 3459 2450 Caesarem.
3546 2378 3720 2448 Sane
3764 2405 3913 2450 con-

551 2493 907 2561 cedendum
963 2503 1062 2562 est
1074 2543 1093 2577 ,
1163 2494 1662 2562 inconstantiam
1719 2504 1785 2560 et
1839 2495 2276 2564 infirmitatem
2319 2495 2550 2583 gravia
2590 2519 2813 2562 eorum
2853 2495 3013 2562 vitia
3054 2518 3224 2578 esse,
3285 2495 3395 2584 qui
3448 2495 3911 2582 rempublicam

551 2606 950 2694 gubernent3
1016 2615 1083 2671 at
1131 2616 1498 2694 temporum
1552 2605 1740 2672 nobis
1783 2607 1852 2674 in
1893 2608 2232 2676 iudicando
2276 2608 2443 2675 ratio
2488 2606 2785 2674 habenda
2826 2616 2956 2693 est;
3018 2606 3193 2696 quod
3234 2607 3290 2674 si
3331 2605 3911 2689 observaverimus,

549 2721 756 2787 multa
793 2718 984 2786 nobis
1028 2718 1226 2806 longo
1281 2719 1592 2806 temporis
1647 2719 1990 2787 intervallo
2059 2721 2322 2787 remotis
2389 2721 2801 2788 excusatione
2869 2719 3169 2808 digniora
3226 2719 3635 2786 videbuntur.
3762 2718 3912 2786 Hoc

551 2841 766 2900 autem
809 2831 1048 2900 omittit
1095 2832 1496 2916 Mommsen3
1583 2840 1649 2896 et
1689 2855 1836 2900 cum
1877 2855 1962 2898 ex
2001 2835 2194 2900 rebus
2236 2857 2397 2921 quas
2442 2833 2673 2921 aliquis
2715 2832 2970 2921 publice
3012 2833 3213 2920 gessit
3256 2831 3337 2898 de
3378 2832 3679 2901 universo
3726 2832 3913 2920 quasi

548 2943 808 3014 homine
849 2943 1111 3028 iudicat,
1154 2944 1316 3010 nihil
1359 2967 1588 3010 curans
1632 2945 1889 3032 qualem
1931 2945 1998 3010 in
2043 2945 2270 3012 ceteris
2314 2944 2486 3012 vitae
2528 2945 2821 3033 partibus
2860 2968 2929 3010 se
2970 2943 3386 3032 praestiterit,
3417 2944 3910 3032 vituperationis

548 3056 812 3126 modum
853 3057 1027 3123 haud
1068 3081 1217 3124 raro
1257 3056 1538 3141 excedit,
1598 3056 1772 3145 quod
1814 3058 1880 3123 in
1923 3056 2238 3126 Cicerone
2281 3058 2593 3127 videmus.
2678 3058 2830 3125 Huc
2886 3057 3063 3125 aliud
3119 3056 3387 3123 accedit.
3488 3056 3759 3126 Summa
3814 3068 3911 3125 est

549 3169 806 3239 dicendi
860 3168 1188 3257 elegantia
1229 3179 1296 3235 et
1337 3170 1665 3252 ubertate,
1719 3169 1786 3235 vi
1843 3178 1911 3236 et
1961 3171 2300 3258 gravitate.
2400 3170 2589 3238 Adeo
2650 3181 2867 3239 autem
2908 3193 3041 3237 non
3082 3170 3301 3235 horret
3342 3168 3655 3237 dictiones
3698 3169 3910 3237 fortis-

549 3282 780 3367 simas,
841 3291 916 3349 ut
971 3304 1436 3369 nonnunquam
1481 3304 1742 3349 auream
1797 3282 2306 3351 mediocritatem
2361 3291 2668 3350 transeat.
2794 3280 2943 3361 Qua
3002 3282 3345 3351 severitate
3406 3280 3487 3347 de
3544 3281 3909 3351 hominibus

549 3393 820 3477 iudicat,
864 3393 1090 3461 eadem
1133 3393 1430 3461 dictionis
1475 3394 1794 3482 gravitate
1837 3404 1904 3460 et
1943 3416 2138 3484 saepe
2179 3394 2531 3463 acerbitate
2582 3396 2937 3463 sententias
2992 3393 3311 3483 exprimit.
3410 3393 3621 3461 Valde
3674 3395 3799 3461 hac
3838 3418 3909 3463 re

547 3507 716 3573 inter
759 3530 828 3572 se
870 3506 1176 3572 differunt
1213 3505 1508 3572 Niebuhr
1563 3516 1628 3572 et
1683 3505 2067 3572 Mommsen.
2183 3506 2245 3573 N
2252 3507 2613 3573 iebuhrium
2668 3530 2954 3573 summae
2997 3506 3335 3596 gravitatis
3374 3506 3575 3574 fuisse
3618 3518 3909 3594 constat;

547 3620 784 3687 multos
829 3620 942 3707 qui
983 3629 1174 3685 antea
1214 3618 1406 3685 laude
1447 3618 1799 3703 florebant,
1857 3617 2034 3686 haud
2089 3620 2218 3685 levi
2261 3619 2540 3707 castigat
2578 3620 3069 3709 vituperatione.
3172 3619 3395 3685 Nihilo
3437 3625 3649 3689 minus
3692 3632 3910 3688 autem

547 3731 889 3799 Niebubrii
931 3732 1206 3799 lectione
1247 3732 1446 3819 longe
1485 3732 1672 3799 aliter
1713 3730 2024 3799 afficimur
2066 3754 2264 3819 quam
2303 3732 2737 3801 Mommsenii.
2835 3731 3099 3799 Etenim
3140 3754 3221 3797 ex
3262 3732 3559 3800 omnibus
3601 3734 3907 3801 historiae

546 3842 882 3910 Romanae
923 3843 1216 3932 partibus
1260 3867 1299 3909 a
1340 3844 1405 3910 N
1408 3844 1698 3911 iebuhrio
1741 3843 2024 3932 scriptae
2067 3867 2319 3911 summa
2358 3845 2494 3912 eius
2540 3843 2879 3913 admiratio
2910 3854 2977 3911 et
3015 3844 3256 3933 pietas,
3301 3866 3432 3932 qua
3459 3846 3909 3934 antiquitatem

545 3956 998 4039 reverebatur,
1056 3966 1362 4045 apparet3
1426 3956 1724 4024 Niebuhr
1765 3979 1898 4025 non
1939 3957 2083 4024 sola
2121 3956 2375 4023 ratione
2417 3965 2483 4023 et
2521 3967 2769 4042 mente,
2826 3956 2941 4025 sed
2983 3958 3195 4023 animo
3240 3978 3498 4045 quoque
3540 3968 3605 4025 et
3645 3968 3909 4047 pectore

545 4068 615 4135 in
655 4069 850 4135 rebus
894 4069 1174 4157 antiquis
1215 4080 1512 4137 versatus
1573 4081 1692 4137 est.
1820 4067 2068 4138 Contra
2107 4069 2521 4137 Mommsenii
2562 4071 2797 4136 librum
2838 4070 3245 4159 perlegentes
3302 4070 3585 4137 maxima
3646 4070 3907 4159 quidem

548 4178 973 4247 admiratione
1015 4182 1364 4268 singularis
1409 4183 1546 4249 eius
1590 4182 1902 4249 acuminis
1943 4193 2010 4249 et
2052 4182 2384 4251 doctrinae
2424 4183 2771 4265 afficimur,
2828 4182 2943 4249 sed
2986 4182 3187 4251 nimia
3226 4181 3361 4251 eius
3412 4181 3633 4249 iudicii
3672 4184 3907 4251 severi·

545 4300 680 4359 tate
721 4302 788 4361 et
831 4293 1210 4378 acerbitate,
1251 4317 1384 4384 qua
1420 4294 1530 4361 vel
1569 4296 1850 4384 optimos
1891 4296 2066 4363 viros
2107 4295 2499 4383 insequitur,
2541 4319 2672 4363 non
2714 4294 2875 4363 nihil
2916 4318 3110 4383 saepe
3152 4294 3553 4362 offendimur.

772 4405 880 4471 Ex
919 4406 998 4472 iis
1043 4416 1256 4473 autem
1299 4406 1588 4497 scriptis,
1633 4430 1798 4496 quae
1855 4406 1936 4473 de
1980 4406 2295 4475 Gracchis
2335 4406 2747 4497 prodierunt,
2801 4408 2996 4474 etiam
3040 4406 3119 4473 E.
3164 4406 3249 4472 A.
3291 4406 3341 4473 J
3343 4456 3360 4472 .
3404 4406 3714 4473 Ahrensii
3754 4406 3901 4473 Tib.

549 4512 832 4583 Gracchi
881 4518 1168 4585 defensio
1225 4519 1384 4585 mihi
1435 4518 1842 4609 respicienda
1883 4520 2021 4587 fuit.
2123 4518 2254 4598 Qui
2306 4520 2409 4585 vir
2466 4542 2665 4608 quum
2722 4522 2843 4587 sibi
2898 4519 3343 4609 proposuisset
3383 4519 3629 4586 Tiberii
3686 4518 3907 4587 omnia

545 4628 742 4695 etiam
781 4630 818 4693 f
823 4640 1006 4696 acta
1047 4629 1422 4714 defendere,
1465 4631 1560 4699 ita
1600 4632 1668 4698 in
1720 4655 2008 4699 errorem
2053 4632 2361 4722 delapsus
2404 4644 2537 4717 est,
2595 4634 2771 4721 quod
2811 4656 2944 4700 non
2986 4630 3279 4698 distinxit
3320 4631 3493 4699 inter
3536 4631 3911 4699 consil-ia

546 4750 612 4807 et
655 4741 733 4807 fa
746 4750 878 4807 cta
919 4742 1184 4809 Tiberii.
1285 4744 1438 4809 Mea
1477 4744 1651 4809 enim
1706 4746 2064 4828 sententia,
2106 4754 2182 4811 nt
2235 4746 2366 4811 iam
2420 4746 2547 4814 hoc
2584 4746 2729 4813 loco
2773 4744 2927 4833 quid
2968 4745 3105 4834 ipse
3145 4742 3225 4811 de
3270 4742 3586 4811 Gracchis
3630 4744 3905 4813 sentiam

541 4855 884 4943 profitear,
929 4853 1373 4923 Gracchorum
1417 4867 1482 4923 et
1521 4856 1767 4923 Tiberii
1805 4856 2084 4924 maxime
2124 4859 2425 4927 voluntas
2464 4869 2534 4925 et
2582 4858 2921 4927 consilium
2964 4858 3045 4925 ab
3088 4856 3384 4925 omnibus
3433 4857 3724 4945 partibus
3766 4857 3905 4927 lau·

543 4965 786 5033 dabilis.
825 4967 1118 5054 fuerunt3
1161 4979 1300 5037 erat
1340 4969 1515 5036 enim
1558 4970 2032 5037 amantissimus
2073 4972 2298 5061 populi
2312 5022 2330 5055 ,
2374 4994 2587 5060 neque
2626 4970 2981 5060 quidquam
3018 4968 3199 5037 aliud
3240 4970 3606 5059 spectabat,
3660 4969 3787 5039 nisi
3828 4978 3905 5039 ut

543 5080 748 5147 multa
799 5090 868 5147 et
925 5102 1170 5169 magna
1223 5084 1431 5168 mala,
1502 5083 1738 5172 quibus
1792 5083 2158 5173 respublica
2224 5084 2596 5169 laborabat,
2658 5093 3058 5151 sanarentur.
3142 5080 3333 5246 19,υο
3384 5082 3631 5151 maiore
3686 5091 3901 5151 autom
