4706 6078
2440 575 2487 657 6

778 836 998 880 amore
1053 812 1365 902 populum
1411 812 1741 900 amplexus
1799 821 1932 896 est,
1993 820 2058 878 et
2111 833 2240 899 quo
2299 811 2653 879 maioribus
2710 835 2859 880 eum
2910 812 3383 879 calamitatibus
3440 814 3646 901 premi
3700 812 3993 898 videbat,
4070 837 4155 882 eo

774 925 1136 1016 promptius
1181 935 1248 991 et
1290 923 1617 991 ardentius
1673 922 1772 989 his
1831 922 2017 989 malis
2061 923 2304 990 mederi
2360 923 2681 991 studebat.
2824 921 3039 1003 Quam
3125 933 3340 991 autem
3426 923 3757 1011 ingressus
3821 935 3923 993 est
3974 927 4147 994 viam

778 1036 860 1103 ad
927 1036 1344 1126 exsequenda
1405 1036 1673 1103 consilia
1733 1059 1880 1118 sua,
1965 1057 2045 1100 ea
2099 1036 2362 1102 minime
2420 1045 2519 1103 est
2570 1035 2927 1126 probanda.
3011 1035 3161 1102 Hoc
3212 1035 3449 1102 iudicio
3492 1037 3735 1104 multae
3775 1039 4149 1128 praeclarae

777 1159 844 1215 et
886 1148 1142 1216 divinae
1183 1171 1448 1238 prorsus
1490 1148 1637 1215 Tib.
1721 1148 1993 1214 virtutes
2076 1147 2338 1214 minime
2424 1148 2870 1215 obscurantur.
2999 1149 3105 1214 Ex
3190 1156 3331 1214 tota
3412 1148 3583 1214 enim
3668 1150 3937 1218 historia
4014 1151 4147 1218 Ro-

775 1284 970 1326 mana
1010 1261 1120 1326 vix
1163 1283 1362 1328 unum
1406 1259 1558 1325 novi
1573 1309 1592 1344 ,
1656 1259 1768 1347 qui
1810 1258 2208 1326 humanitate
2225 1309 2242 1340 ,
2307 1260 2640 1344 comitate,
2706 1257 3105 1327 amabilitate
3148 1258 3465 1326 Gracchis
3517 1262 3725 1350 possit
3768 1264 4147 1352 comparari.

777 1373 901 1439 His
945 1383 1158 1439 autem
1199 1357 1544 1440 'virtutibus
1606 1393 1690 1437 ne
1745 1369 2049 1436 iudicium
2103 1382 2397 1438 nostrum
2458 1371 2538 1437 de
2597 1369 3042 1439 Gracchorum
3100 1370 3353 1438 factis
3410 1383 3897 1462 corrumpatur,
3953 1375 4147 1443 valde

777 1484 1135 1552 cavendum
1193 1494 1325 1568 est,
1387 1483 1453 1550 id
1516 1482 1691 1572 quod
1746 1481 2070 1549 Ahrensio
2135 1483 2400 1568 accidit,
2464 1493 2598 1550 tam
2671 1484 3096 1552 immoderato
3154 1484 3256 1550 Ti.
3317 1482 3598 1551 Gracchi
3653 1485 4011 1568 laudatori,
4076 1495 4149 1553 ut

777 1597 996 1663 omnia
1039 1597 1175 1662 eius
1231 1597 1405 1662 facta
1459 1594 1721 1685 probet,
1779 1618 1859 1661 ex
1917 1595 2202 1663 fontibus
2259 1619 2371 1662 eos
2424 1597 2597 1662 solos
2654 1606 2993 1686 sequatur,
3059 1595 3170 1686 qui
3234 1595 3383 1661 Tib.
3442 1596 3697 1680 favent,
3762 1597 3843 1663 ad
3908 1596 4147 1665 iudicia

774 1710 1154 1800 prolabatur
1236 1708 1601 1775 falsissima.
1729 1706 1840 1774 Sic
1883 1743 1959 1754 -
2005 1717 2078 1773 ut
2119 1730 2321 1773 unum
2366 1708 2579 1774 locum
2620 1709 2949 1797 proferam
2991 1745 3071 1755 --
3116 1708 3375 1774 Ahrens
3417 1707 3842 1776 Plutarchum
3884 1720 4144 1777 secutus

774 1831 996 1888 narrat
1039 1813 1186 1887 Tib.
1251 1831 1316 1886 et
1379 1819 1722 1887 Octavium
1780 1843 1978 1908 quum
2033 1819 2114 1885 de
2168 1819 2314 1908 lege
2359 1821 2619 1908 agraria
2680 1820 3063 1887 dissiderent
3104 1843 3378 1909 eamque
3434 1821 3501 1886 in
3561 1823 3979 1888 concionibus
4033 1833 4148 1889 aut

773 1933 1198 2000 defenderent
1240 1943 1352 2000 aut
1406 1933 1897 2022 impugnarent,
1954 1931 2256 1997 conviciis
2313 1942 2380 1998 et
2426 1931 2781 1999 maledictis
2836 1933 3029 2022 plane
3084 1933 3500 2018 abstinuisse,
3560 1957 3760 2022 quum
3802 1933 4144 2022 Appianus

773 2045 854 2112 de
896 2047 1050 2115 bell.
1095 2047 1215 2112 civ.
1259 2045 1316 2130 I,
1366 2045 1438 2109 12
1480 2068 1618 2110 rem
1660 2044 1858 2130 longe
1902 2043 2088 2110 aliter
2151 2043 2389 2110 tradat.
2491 2043 2683 2124 Quod
2724 2044 2983 2111 Ahrens
3037 2044 3158 2110 hac
3200 2044 3354 2112 data
3396 2045 3737 2112 occasione
3778 2045 3845 2110 in
3888 2045 4143 2113 univer-

773 2183 917 2226 sum
959 2157 1228 2240 iudicat,
1295 2179 1406 2223 eos
1461 2157 1574 2245 qui
1619 2155 1946 2222 meridiem
1991 2179 2214 2222 versus
2269 2140 2594 2242 habitent,
2658 2157 2714 2223 si
2757 2157 2826 2222 in
2862 2157 3054 2222 rebus
3098 2156 3371 2245 publicis
3415 2157 3828 2241 dissentiant,
3896 2181 3937 2224 a
3992 2181 4143 2225 con-

772 2270 957 2336 viciis
1002 2269 1324 2336 abstinere
1367 2280 1433 2336 et
1474 2270 1648 2335 solas
1689 2291 1793 2334 res
1807 2318 1826 2353 ,
1884 2291 2016 2334 non
2058 2268 2350 2335 homines
2410 2279 2702 2357 spectare
2716 2319 2735 2353 ,
2800 2269 2857 2336 si
2914 2268 3171 2357 quidem
3230 2270 3565 2336 affectibus
3620 2270 3939 2359 imperare
3982 2269 4142 2336 didi-

775 2383 1010 2466 cerint,
1067 2404 1266 2471 quum
1309 2392 1628 2448 terrarum
1670 2379 2270 2469 septentrionalium
2311 2381 2565 2448 incolae
2624 2381 2975 2449 sententias
3032 2404 3181 2447 suas
3240 2381 3609 2470 impugnari
3678 2405 3875 2470 aegre
3931 2384 4145 2449 ferant

775 2503 842 2560 et
883 2496 1395 2578 stomachentur,
1451 2496 1574 2560 boc
1617 2492 1923 2560 Ahrensii
1979 2501 2415 2559 commentum
2473 2515 2613 2559 esse
2676 2516 2756 2558 ex
2796 2493 2953 2582 ipsis
2996 2503 3287 2560 veterum
3328 2493 3583 2582 scriptis
3625 2494 3815 2561 facile
3881 2494 4144 2561 demon-

773 2605 966 2673 strari
1007 2616 1243 2695 potest.
1330 2607 1463 2672 Res
1507 2607 1704 2695 longe
1748 2607 1936 2673 aliter
1975 2629 2046 2673 se
2089 2605 2304 2672 habet.
2390 2605 2545 2671 Non
2591 2605 2780 2672 facile
2822 2615 3043 2673 nostro
3098 2615 3391 2695 tempore
3445 2616 3627 2672 tanta
3683 2630 3753 2673 se
3793 2609 4141 2674 verborum

775 2719 1128 2785 acerbitate
1194 2727 1260 2784 et
1319 2717 1707 2806 indignitate
1775 2717 2124 2784 adversarii
2182 2717 2457 2783 invicem
2527 2727 2767 2784 vexant
2828 2728 2893 2784 et
2948 2720 3264 2803 lacerant,
3324 2727 3571 2806 quanta
3634 2719 3806 2808 apud
3861 2731 4139 2787 veteres.

776 2830 950 2910 Quid
1009 2832 1182 2898 enim
1239 2829 1559 2914 dicamus,
1618 2830 1674 2896 si
1732 2829 1962 2896 Cicero
2020 2829 2379 2912 inimicum,
2434 2830 2756 2896 hominem
2816 2831 3220 2896 consularem
3238 2878 3255 2906 ‚
3312 2830 3413 2897 his
3474 2831 3691 2897 verbis
3757 2832 4139 2920 alloquitur:

776 2942 950 3022 Quid
1005 2953 1070 3010 te
1085 2994 1104 3027 ,
1181 2943 1390 3028 asine,
1456 2945 1674 3009 literas
1717 2941 2018 3026 doceam,
2090 2965 2218 3008 non
2263 2965 2425 3032 opus
2469 2949 2569 3008 est
2609 2942 2845 3025 literis,
2900 2942 3012 3008 sed
3058 2943 3331 3009 fustibus
3351 2941 3386 3006 ‘?
3496 2941 3703 3030 Atqui
3769 2941 3997 3010 Cicero
4072 2945 4142 3010 in

771 3056 1220 3123 eruditissimis
1263 3068 1330 3123 et
1371 3055 1848 3122 humanissimis
1905 3056 2076 3121 illius
2129 3056 2439 3145 temporis
2482 3055 2639 3122 viris
2682 3056 2823 3122 fuit.
2949 3052 3124 3134 Quid
3177 3077 3371 3145 porro
3434 3054 3513 3121 de
3554 3055 4017 3122 Demosthenis
4074 3067 4142 3122 et

773 3168 1118 3236 Aeschinis
1161 3179 1226 3235 et
1270 3170 1618 3235 multorum
1660 3168 1933 3234 aliorum
1975 3168 2278 3234 conviciis
2323 3167 2633 3253 dicamus,
2677 3168 2912 3257 quibus
2968 3168 3138 3235 inter
3193 3192 3261 3234 se
3320 3165 3918 3235 dedecoraverunt?
4004 3166 4142 3235 Gur

775 3305 879 3349 res
925 3282 1018 3347 ita
1060 3303 1129 3346 se
1171 3280 1409 3346 habeat
1451 3280 1894 3347 demonstrare
1958 3281 2226 3368 longum
2271 3290 2405 3366 est3
2470 3305 2664 3347 causa
2706 3291 2771 3347 et
2811 3280 2877 3347 in
2920 3281 3120 3347 rebus
3174 3278 3451 3370 publicis
3508 3292 3571 3346 et
3624 3280 3689 3345 in
3749 3290 4144 3347 commutata

776 3393 858 3459 de
897 3394 1091 3460 rebus
1135 3392 1335 3459 sacris
1378 3393 1684 3481 opinione
1725 3393 1850 3459 sita
1893 3404 2014 3459 est.
2100 3391 2236 3459 Sed
2278 3416 2361 3460 ne
2405 3393 2665 3482 longius
2709 3418 2748 3459 a
2786 3392 3119 3481 proposito
3164 3392 3568 3478 aberremus,
3630 3392 3763 3459 iam
3806 3392 3891 3459 ad
3931 3394 4141 3481 ipsam

775 3505 1112 3573 materiam
1155 3514 1582 3572 transeamus.

1023 3617 1238 3685 Natus
1303 3626 1402 3684 est
1455 3617 1755 3684 Tiberius
1801 3614 2222 3706 Sempronius
2268 3615 2605 3684 Gracchus
2660 3626 2845 3706 patre
2903 3614 3169 3683 Tiberio
3224 3624 3293 3681 et
3344 3626 3553 3683 matre
3608 3615 3945 3702 Cornelia,
4006 3614 4143 3683 Sci-

775 3729 992 3819 pionis
1033 3728 1327 3796 Africani
1370 3729 1632 3795 maioris
1673 3729 1841 3812 filia,
1885 3752 2054 3796 anno
2100 3754 2157 3795 a.
2203 3729 2290 3797 U.
2333 3732 2453 3796 591
2472 3779 2491 3813 ,
2536 3729 2591 3795 si
2633 3729 2894 3818 quidem
2936 3728 3270 3795 Plutarchi
3324 3730 3525 3795 verba
3567 3726 3645 3795 C.
3692 3727 3811 3795 Gr.
3859 3731 3887 3793 1
3950 3728 4143 3796 Tibe·

775 3840 943 3908 rium
985 3840 1274 3907 nondum
1317 3840 1586 3930 triginta
1627 3863 1832 3907 annos
1875 3849 2095 3907 natum
2140 3851 2416 3908 mortem
2460 3841 2699 3907 obiisse
2740 3840 3053 3907 tradentis
3091 3850 3265 3907 recte
3320 3864 3391 3907 se
3442 3840 3703 3906 habent.
3810 3840 4143 3907 Matrimo-

776 3954 954 4019 nium
1009 3964 1228 4020 autem
1285 3954 1532 4019 Tiberii
1593 3976 1763 4019 anno
1831 3955 1957 4020 590
2009 3954 2240 4021 initum
2308 3978 2450 4021 esse
2505 3962 2808 4043 putamus
2824 4003 2843 4038 ,
2909 3977 3102 4042 quam
3168 3954 3554 4019 sententiam
3614 3953 3808 4019 etiam
3871 3951 4141 4019 Nitzsch

775 4066 1091 4154 sequitur.
1177 4066 1569 4155 Discrepant
1611 4088 1766 4132 sane
1809 4066 1892 4132 ab
1935 4066 2058 4133 hac
2097 4091 2188 4152 re,
2233 4090 2402 4156 quae
2444 4066 2615 4157 apud
2648 4067 2869 4133 Valer.
2915 4066 3094 4133 Max.
3122 4065 3245 4150 IV,
3270 4068 3329 4150 2,
3372 4068 3411 4133 3
3456 4076 3521 4133 et
3564 4065 3735 4156 apud
3768 4064 4073 4150 Ge11.12‚
4100 4066 4142 4131 8

776 4178 1074 4266 legimus.
1201 4178 1294 4244 Hi
1377 4179 1548 4245 enim
1630 4178 1896 4245 tradunt
1965 4178 2040 4246 P.
2115 4178 2486 4268 Scipionem
2570 4178 2877 4268 depositis
2960 4178 3311 4245 inimicitiis
3376 4178 3479 4245 Ti.
3564 4177 3865 4245 Graccho
3942 4177 4141 4243 filiam

774 4290 1093 4379 virginem
1155 4290 1294 4357 viro
1355 4291 1614 4357 iamiam
1673 4301 1991 4358 maturam
2049 4291 2488 4381 despondisse.
2577 4290 2747 4359 Cum
2806 4299 3019 4357 autem
3077 4289 3329 4379 Scipio,
3392 4292 3505 4379 qui
3561 4292 3853 4357 ultimam
3912 4288 4141 4355 aetatis

770 4414 1027 4493 'partem
1071 4402 1326 4469 Literni
1391 4402 1606 4492 degit,
1667 4403 1794 4469 iam
1853 4427 2021 4469 anno
2065 4406 2222 4488 569,
2275 4404 2343 4469 id
2408 4403 2581 4493 quod
2636 4404 3037 4493 probabilius
3095 4411 3223 4487 est,
3279 4404 3387 4469 vel
3444 4427 3611 4469 anno
3666 4404 3783 4471 571
3850 4412 4141 4468 mortuus

775 4516 863 4583 sit
874 4567 892 4600 ,
939 4517 1077 4605 ipse
1122 4514 1341 4605 Scipio
1386 4516 1584 4581 filiam
1629 4515 1894 4583 Tiberio
1937 4517 2116 4583 nullo
2170 4516 2363 4584 modo
2416 4516 2626 4607 potuit
2683 4513 3113 4605 despondere,
3176 4516 3283 4581 vel
3338 4516 3394 4582 si
3454 4540 3595 4582 cum
3661 4514 3991 4580 nonnullis
4034 4512 4143 4578 Ti-

780 4627 1030 4693 berium
1073 4628 1203 4694 iam
1263 4651 1433 4694 anno
1491 4629 1614 4695 585
1670 4640 1892 4696 natum
1949 4652 2089 4695 esse
2152 4629 2687 4695 constituerimus.
2815 4628 3075 4695 Etenim
3140 4628 3261 4694 etsi
3324 4650 3455 4693 non
3520 4626 3897 4695 nominatim
3954 4625 4143 4692 nobis

773 4738 1087 4806 traditum
1131 4750 1261 4825 est,
1305 4741 1642 4808 Tiberium
1685 4740 2027 4807 Corneliae
2069 4743 2419 4810 liberorum
2482 4752 2640 4807 natu
2682 4739 3035 4807 maximum
3080 4742 3278 4807 fuisse
3344 4782 3421 4793 —
3484 4740 3607 4806 fuit
3662 4748 3876 4805 autem
3942 4738 4144 4803 maxi-

777 4875 956 4936 mus,
1015 4853 1070 4920 si
1113 4853 1375 4943 quidem
1420 4878 1687 4938 annum,
1751 4877 1880 4942 quo
1924 4854 2408 4922 matrimonium
2449 4855 2618 4920 inter
2660 4853 2994 4919 Tiberium
3038 4862 3103 4919 et
3145 4850 3517 4919 Corneli-am
3559 4852 3849 4919 iunctum
3906 4859 3973 4917 et
4013 4871 4141 4937 quo

779 4965 1080 5033 Tiberius
1121 4976 1312 5033 natus
1356 4977 1456 5033 est
1469 5017 1488 5051 ,
1531 4975 1707 5033 recte
1748 4966 2090 5034 statuimus
2144 5006 2216 5017 —
2255 4966 2381 5035 hoc
2420 4976 2640 5033 tamen
2682 4974 2970 5048 constat,
3034 4965 3369 5031 Tiberium
3421 4986 3655 5030 novem
3719 4962 3903 5029 annis
3944 4962 4145 5028 maio-

775 5100 918 5145 rem
962 5078 1162 5146 fuisse
1207 5078 1399 5147 Gaio.
1484 5078 1533 5146 J
1537 5104 1640 5145 am
1685 5089 1900 5145 autem
1959 5080 2198 5146 scimus
2251 5116 2334 5127 -—-
2388 5078 2539 5145 vide
2581 5077 2875 5145 Nitzschi
2930 5078 3167 5145 librum
3220 5100 3286 5165 p.
3328 5076 3453 5143 204
3492 5112 3576 5126 --
3628 5076 3902 5166 singulis
3960 5075 4153 5142 annis
