<?xml version="1.0" encoding="UTF-8"?>
<!DOCTYPE html PUBLIC "-//W3C//DTD XHTML 1.0 Transitional//EN"
    "http://www.w3.org/TR/xhtml1/DTD/xhtml1-transitional.dtd">
<html xmlns="http://www.w3.org/1999/xhtml" xml:lang="en" lang="en">
 <head>
  <title>
</title>
<meta http-equiv="Content-Type" content="text/html;charset=utf-8" />
  <meta name='ocr-system' content='tesseract 3.04.00' />
  <meta name='ocr-capabilities' content='ocr_page ocr_carea ocr_par ocr_line ocrx_word'/>
</head>
<body>
  <div class='ocr_page' id='page_1' title='image "./detiberioetgaio00soergoog_0012.png"; bbox 0 0 4706 6078; ppageno 0'>
   <div class='ocr_carea' id='block_1_1' title="bbox 2291 683 2716 694">
    <p class='ocr_par' dir='ltr' id='par_1_1' title="bbox 2291 683 2716 694">
     <span class='ocr_line' id='line_1_1' title="bbox 2291 683 2716 694; baseline 0 0"><span class='ocrx_word' id='word_1_1' title='bbox 2291 683 2716 694; x_wconf 95' lang='lat' dir='ltr'><strong> </strong></span> 
     </span>
    </p>
   </div>
   <div class='ocr_carea' id='block_1_2' title="bbox 809 809 4195 5175">
    <p class='ocr_par' dir='ltr' id='par_1_2' title="bbox 809 809 4195 5175">
     <span class='ocr_line' id='line_1_2' title="bbox 817 809 4194 903; baseline 0 -21"><span class='ocrx_word' id='word_1_2' title='bbox 817 815 1379 902; x_wconf 72' lang='lat' dir='ltr'><strong>ingeniosissimus</strong></span> <span class='ocrx_word' id='word_1_3' title='bbox 1420 835 1485 902; x_wconf 86' lang='lat' dir='ltr'><strong>p.</strong></span> <span class='ocrx_word' id='word_1_4' title='bbox 1530 811 1636 896; x_wconf 89' lang='lat' dir='ltr'><strong>H,</strong></span> <span class='ocrx_word' id='word_1_5' title='bbox 1677 813 1802 877; x_wconf 76' lang='lat'><strong>427</strong></span> <span class='ocrx_word' id='word_1_6' title='bbox 1848 809 1930 878; x_wconf 87' lang='lat' dir='ltr'><strong>de</strong></span> <span class='ocrx_word' id='word_1_7' title='bbox 1985 813 2352 879; x_wconf 76' lang='lat' dir='ltr'><strong>constantia</strong></span> <span class='ocrx_word' id='word_1_8' title='bbox 2392 813 2673 903; x_wconf 82' lang='lat' dir='ltr'><strong>quadam</strong></span> <span class='ocrx_word' id='word_1_9' title='bbox 2732 823 2799 880; x_wconf 89' lang='lat' dir='ltr'><strong>et</strong></span> <span class='ocrx_word' id='word_1_10' title='bbox 2852 812 3207 880; x_wconf 82' lang='lat' dir='ltr'><strong>stabilitate</strong></span> <span class='ocrx_word' id='word_1_11' title='bbox 3260 813 3717 879; x_wconf 83' lang='lat' dir='ltr'><strong>nonnullarum</strong></span> <span class='ocrx_word' id='word_1_12' title='bbox 3776 815 4068 901; x_wconf 84' lang='lat' dir='ltr'><strong>gentium</strong></span> <span class='ocrx_word' id='word_1_13' title='bbox 4123 816 4194 882; x_wconf 86' lang='lat' dir='ltr'><strong>in</strong></span> 
     </span>
     <span class='ocr_line' id='line_1_3' title="bbox 817 923 4191 1017; baseline 0.001 -23"><span class='ocrx_word' id='word_1_14' title='bbox 817 929 1038 994; x_wconf 82' lang='lat' dir='ltr'><strong>liberis</strong></span> <span class='ocrx_word' id='word_1_15' title='bbox 1095 929 1288 994; x_wconf 90' lang='lat' dir='ltr'><strong>rebus</strong></span> <span class='ocrx_word' id='word_1_16' title='bbox 1328 925 1604 1014; x_wconf 84' lang='lat' dir='ltr'><strong>publicis</strong></span> <span class='ocrx_word' id='word_1_17' title='bbox 1669 923 1955 990; x_wconf 86' lang='lat' dir='ltr'><strong>adnotat.</strong></span> <span class='ocrx_word' id='word_1_18' title='bbox 2082 927 2389 994; x_wconf 88' lang='lat' dir='ltr'><strong>Posteros</strong></span> <span class='ocrx_word' id='word_1_19' title='bbox 2453 927 2623 994; x_wconf 86' lang='lat' dir='ltr'><strong>enim</strong></span> <span class='ocrx_word' id='word_1_20' title='bbox 2678 927 2995 993; x_wconf 76' lang='lat' dir='ltr'><strong>tenaciter</strong></span> <span class='ocrx_word' id='word_1_21' title='bbox 3046 947 3239 1013; x_wconf 87' lang='lat' dir='ltr'><strong>saepe</strong></span> <span class='ocrx_word' id='word_1_22' title='bbox 3301 925 3619 992; x_wconf 80' lang='lat' dir='ltr'><strong>rationem</strong></span> <span class='ocrx_word' id='word_1_23' title='bbox 3682 926 3751 992; x_wconf 91' lang='lat' dir='ltr'><strong>in</strong></span> <span class='ocrx_word' id='word_1_24' title='bbox 3802 950 3874 992; x_wconf 92' lang='lat' dir='ltr'><strong>re</strong></span> <span class='ocrx_word' id='word_1_25' title='bbox 3931 929 4191 1017; x_wconf 84' lang='lat' dir='ltr'><strong>publica</strong></span> 
     </span>
     <span class='ocr_line' id='line_1_4' title="bbox 820 1036 4191 1130; baseline 0 -24"><span class='ocrx_word' id='word_1_26' title='bbox 820 1039 1110 1130; x_wconf 81' lang='lat' dir='ltr'><strong>gerenda</strong></span> <span class='ocrx_word' id='word_1_27' title='bbox 1149 1037 1492 1105; x_wconf 76' lang='lat' dir='ltr'><strong>retinuisse</strong></span> <span class='ocrx_word' id='word_1_28' title='bbox 1535 1060 1576 1102; x_wconf 91' lang='lat' dir='ltr'><strong>a</strong></span> <span class='ocrx_word' id='word_1_29' title='bbox 1614 1036 1966 1104; x_wconf 84' lang='lat' dir='ltr'><strong>maioribus</strong></span> <span class='ocrx_word' id='word_1_30' title='bbox 2009 1039 2196 1124; x_wconf 85' lang='lat' dir='ltr'><strong>quasi</strong></span> <span class='ocrx_word' id='word_1_31' title='bbox 2253 1039 2613 1106; x_wconf 83' lang='lat' dir='ltr'><strong>hereditate</strong></span> <span class='ocrx_word' id='word_1_32' title='bbox 2666 1038 2789 1106; x_wconf 88' lang='lat' dir='ltr'><strong>sibi</strong></span> <span class='ocrx_word' id='word_1_33' title='bbox 2840 1038 3165 1123; x_wconf 80' lang='lat' dir='ltr'><strong>relictam3</strong></span> <span class='ocrx_word' id='word_1_34' title='bbox 3220 1037 3441 1125; x_wconf 86' lang='lat' dir='ltr'><strong>itaque</strong></span> <span class='ocrx_word' id='word_1_35' title='bbox 3502 1039 3849 1105; x_wconf 86' lang='lat' dir='ltr'><strong>nonnullas</strong></span> <span class='ocrx_word' id='word_1_36' title='bbox 3912 1040 4191 1106; x_wconf 73' lang='lat' dir='ltr'><strong>familias</strong></span> 
     </span>
     <span class='ocr_line' id='line_1_5' title="bbox 821 1147 4189 1242; baseline -0 -22"><span class='ocrx_word' id='word_1_37' title='bbox 821 1175 1077 1242; x_wconf 82' lang='lat' dir='ltr'><strong>semper</strong></span> <span class='ocrx_word' id='word_1_38' title='bbox 1113 1160 1428 1240; x_wconf 85' lang='lat' dir='ltr'><strong>patronos</strong></span> <span class='ocrx_word' id='word_1_39' title='bbox 1470 1158 1538 1215; x_wconf 87' lang='lat' dir='ltr'><strong>et</strong></span> <span class='ocrx_word' id='word_1_40' title='bbox 1579 1147 1951 1215; x_wconf 84' lang='lat' dir='ltr'><strong>defensores</strong></span> <span class='ocrx_word' id='word_1_41' title='bbox 1993 1149 2204 1238; x_wconf 88' lang='lat' dir='ltr'><strong>plebis</strong></span> <span class='ocrx_word' id='word_1_42' title='bbox 2246 1150 2467 1234; x_wconf 81' lang='lat' dir='ltr'><strong>fuisse,</strong></span> <span class='ocrx_word' id='word_1_43' title='bbox 2510 1161 2583 1217; x_wconf 89' lang='lat' dir='ltr'><strong>ut</strong></span> <span class='ocrx_word' id='word_1_44' title='bbox 2623 1151 2956 1235; x_wconf 85' lang='lat' dir='ltr'><strong>Valerios,</strong></span> <span class='ocrx_word' id='word_1_45' title='bbox 3000 1174 3149 1217; x_wconf 90' lang='lat' dir='ltr'><strong>cum</strong></span> <span class='ocrx_word' id='word_1_46' title='bbox 3192 1151 3304 1216; x_wconf 84' lang='lat' dir='ltr'><strong>alii</strong></span> <span class='ocrx_word' id='word_1_47' title='bbox 3341 1173 3462 1239; x_wconf 92' lang='lat' dir='ltr'><strong>pro</strong></span> <span class='ocrx_word' id='word_1_48' title='bbox 3506 1151 3923 1240; x_wconf 78' lang='lat' dir='ltr'><strong>optimatibus</strong></span> <span class='ocrx_word' id='word_1_49' title='bbox 3967 1163 4189 1219; x_wconf 90' lang='lat' dir='ltr'><strong>contu-</strong></span> 
     </span>
     <span class='ocr_line' id='line_1_6' title="bbox 820 1261 4195 1353; baseline -0 -21"><span class='ocrx_word' id='word_1_50' title='bbox 820 1264 1185 1332; x_wconf 82' lang='lat' dir='ltr'><strong>macissimo</strong></span> <span class='ocrx_word' id='word_1_51' title='bbox 1226 1271 1748 1353; x_wconf 78' lang='lat' dir='ltr'><strong>propugnarent,</strong></span> <span class='ocrx_word' id='word_1_52' title='bbox 1801 1271 1876 1328; x_wconf 89' lang='lat' dir='ltr'><strong>ut</strong></span> <span class='ocrx_word' id='word_1_53' title='bbox 1917 1285 2082 1350; x_wconf 78' lang='lat' dir='ltr'><strong>gens</strong></span> <span class='ocrx_word' id='word_1_54' title='bbox 2123 1263 2378 1351; x_wconf 81' lang='lat' dir='ltr'><strong>Appia3</strong></span> <span class='ocrx_word' id='word_1_55' title='bbox 2437 1264 2530 1329; x_wconf 88' lang='lat' dir='ltr'><strong>sic</strong></span> <span class='ocrx_word' id='word_1_56' title='bbox 2574 1261 2907 1329; x_wconf 78' lang='lat' dir='ltr'><strong>Gracchos</strong></span> <span class='ocrx_word' id='word_1_57' title='bbox 2952 1285 3212 1352; x_wconf 89' lang='lat' dir='ltr'><strong>quoque</strong></span> <span class='ocrx_word' id='word_1_58' title='bbox 3256 1285 3509 1352; x_wconf 87' lang='lat' dir='ltr'><strong>semper</strong></span> <span class='ocrx_word' id='word_1_59' title='bbox 3547 1263 3719 1330; x_wconf 84' lang='lat' dir='ltr'><strong>veris</strong></span> <span class='ocrx_word' id='word_1_60' title='bbox 3756 1264 3982 1352; x_wconf 91' lang='lat' dir='ltr'><strong>populi</strong></span> <span class='ocrx_word' id='word_1_61' title='bbox 4022 1287 4195 1331; x_wconf 86' lang='lat' dir='ltr'><strong>com-</strong></span> 
     </span>
     <span class='ocr_line' id='line_1_7' title="bbox 817 1373 4190 1464; baseline 0.001 -22"><span class='ocrx_word' id='word_1_62' title='bbox 817 1375 1028 1443; x_wconf 84' lang='lat' dir='ltr'><strong>modis</strong></span> <span class='ocrx_word' id='word_1_63' title='bbox 1069 1376 1383 1442; x_wconf 82' lang='lat' dir='ltr'><strong>inservire</strong></span> <span class='ocrx_word' id='word_1_64' title='bbox 1439 1383 1508 1440; x_wconf 89' lang='lat' dir='ltr'><strong>et</strong></span> <span class='ocrx_word' id='word_1_65' title='bbox 1559 1373 1796 1440; x_wconf 87' lang='lat' dir='ltr'><strong>infimis</strong></span> <span class='ocrx_word' id='word_1_66' title='bbox 1841 1397 2101 1464; x_wconf 90' lang='lat' dir='ltr'><strong>quoque</strong></span> <span class='ocrx_word' id='word_1_67' title='bbox 2155 1375 2621 1442; x_wconf 74' lang='lat' dir='ltr'><strong>humanitatem</strong></span> <span class='ocrx_word' id='word_1_68' title='bbox 2676 1385 3007 1464; x_wconf 87' lang='lat' dir='ltr'><strong>praestare</strong></span> <span class='ocrx_word' id='word_1_69' title='bbox 3060 1376 3287 1442; x_wconf 85' lang='lat' dir='ltr'><strong>solitos</strong></span> <span class='ocrx_word' id='word_1_70' title='bbox 3342 1397 3506 1441; x_wconf 89' lang='lat' dir='ltr'><strong>esse.</strong></span> <span class='ocrx_word' id='word_1_71' title='bbox 3592 1376 3698 1442; x_wconf 90' lang='lat' dir='ltr'><strong>De</strong></span> <span class='ocrx_word' id='word_1_72' title='bbox 3742 1374 4190 1444; x_wconf 81' lang='lat' dir='ltr'><strong>Gracchorum</strong></span> 
     </span>
     <span class='ocr_line' id='line_1_8' title="bbox 820 1486 4190 1578; baseline 0 -24"><span class='ocrx_word' id='word_1_73' title='bbox 820 1499 1016 1578; x_wconf 84' lang='lat' dir='ltr'><strong>gente</strong></span> <span class='ocrx_word' id='word_1_74' title='bbox 1058 1486 1374 1576; x_wconf 88' lang='lat' dir='ltr'><strong>quidquid</strong></span> <span class='ocrx_word' id='word_1_75' title='bbox 1412 1487 1650 1553; x_wconf 88' lang='lat' dir='ltr'><strong>scimus</strong></span> <span class='ocrx_word' id='word_1_76' title='bbox 1691 1487 2014 1575; x_wconf 87' lang='lat' dir='ltr'><strong>copiosius</strong></span> <span class='ocrx_word' id='word_1_77' title='bbox 2057 1488 2361 1576; x_wconf 84' lang='lat' dir='ltr'><strong>persequi</strong></span> <span class='ocrx_word' id='word_1_78' title='bbox 2404 1512 2549 1554; x_wconf 89' lang='lat' dir='ltr'><strong>cum</strong></span> <span class='ocrx_word' id='word_1_79' title='bbox 2591 1488 2861 1576; x_wconf 85' lang='lat' dir='ltr'><strong>longum</strong></span> <span class='ocrx_word' id='word_1_80' title='bbox 2918 1489 3035 1573; x_wconf 80' lang='lat' dir='ltr'><strong>sit,</strong></span> <span class='ocrx_word' id='word_1_81' title='bbox 3078 1487 3191 1575; x_wconf 89' lang='lat' dir='ltr'><strong>qui</strong></span> <span class='ocrx_word' id='word_1_82' title='bbox 3245 1495 3615 1554; x_wconf 82' lang='lat' dir='ltr'><strong>accuratam</strong></span> <span class='ocrx_word' id='word_1_83' title='bbox 3668 1487 3860 1554; x_wconf 87' lang='lat' dir='ltr'><strong>huius</strong></span> <span class='ocrx_word' id='word_1_84' title='bbox 3902 1488 3999 1554; x_wconf 89' lang='lat' dir='ltr'><strong>rei</strong></span> <span class='ocrx_word' id='word_1_85' title='bbox 4038 1511 4190 1576; x_wconf 82' lang='lat' dir='ltr'><strong>cog·</strong></span> 
     </span>
     <span class='ocr_line' id='line_1_9' title="bbox 817 1598 4191 1688; baseline -0.001 -21"><span class='ocrx_word' id='word_1_86' title='bbox 817 1601 1132 1667; x_wconf 84' lang='lat' dir='ltr'><strong>uitionem</strong></span> <span class='ocrx_word' id='word_1_87' title='bbox 1175 1601 1298 1666; x_wconf 88' lang='lat' dir='ltr'><strong>sibi</strong></span> <span class='ocrx_word' id='word_1_88' title='bbox 1336 1622 1569 1688; x_wconf 83' lang='lat' dir='ltr'><strong>parare</strong></span> <span class='ocrx_word' id='word_1_89' title='bbox 1608 1599 1780 1682; x_wconf 83' lang='lat' dir='ltr'><strong>vult,</strong></span> <span class='ocrx_word' id='word_1_90' title='bbox 1821 1599 1879 1665; x_wconf 87' lang='lat' dir='ltr'><strong>is</strong></span> <span class='ocrx_word' id='word_1_91' title='bbox 1922 1600 2104 1687; x_wconf 83' lang='lat' dir='ltr'><strong>legat</strong></span> <span class='ocrx_word' id='word_1_92' title='bbox 2142 1599 2463 1667; x_wconf 81' lang='lat' dir='ltr'><strong>Nitzschii</strong></span> <span class='ocrx_word' id='word_1_93' title='bbox 2508 1599 2587 1666; x_wconf 93' lang='lat' dir='ltr'><strong>de</strong></span> <span class='ocrx_word' id='word_1_94' title='bbox 2632 1599 2949 1667; x_wconf 85' lang='lat' dir='ltr'><strong>Gracchis</strong></span> <span class='ocrx_word' id='word_1_95' title='bbox 2991 1600 3227 1667; x_wconf 88' lang='lat' dir='ltr'><strong>librum</strong></span> <span class='ocrx_word' id='word_1_96' title='bbox 3288 1623 3352 1688; x_wconf 91' lang='lat' dir='ltr'><strong>p.</strong></span> <span class='ocrx_word' id='word_1_97' title='bbox 3396 1600 3552 1686; x_wconf 78' lang='lat'>2063</span> <span class='ocrx_word' id='word_1_98' title='bbox 3610 1598 3873 1667; x_wconf 85' lang='lat' dir='ltr'><strong>Sallust.</strong></span> <span class='ocrx_word' id='word_1_99' title='bbox 3917 1600 3999 1666; x_wconf 90' lang='lat' dir='ltr'><strong>de</strong></span> <span class='ocrx_word' id='word_1_100' title='bbox 4041 1601 4191 1667; x_wconf 91' lang='lat' dir='ltr'><strong>bell.</strong></span> 
     </span>
     <span class='ocr_line' id='line_1_10' title="bbox 819 1710 4191 1802; baseline -0.001 -21"><span class='ocrx_word' id='word_1_101' title='bbox 819 1713 868 1781; x_wconf 85' lang='lat' dir='ltr'><strong>J</strong></span> <span class='ocrx_word' id='word_1_102' title='bbox 869 1713 1132 1800; x_wconf 84' lang='lat' dir='ltr'><strong>ugurth.</strong></span> <span class='ocrx_word' id='word_1_103' title='bbox 1173 1713 1278 1778; x_wconf 78' lang='lat'><strong>42.</strong></span> <span class='ocrx_word' id='word_1_104' title='bbox 1367 1710 1676 1780; x_wconf 90' lang='lat' dir='ltr'><strong>Cornelia</strong></span> <span class='ocrx_word' id='word_1_105' title='bbox 1717 1721 1933 1780; x_wconf 87' lang='lat' dir='ltr'><strong>autem</strong></span> <span class='ocrx_word' id='word_1_106' title='bbox 1979 1710 2428 1780; x_wconf 85' lang='lat' dir='ltr'><strong>Gracchorum</strong></span> <span class='ocrx_word' id='word_1_107' title='bbox 2474 1722 2683 1779; x_wconf 90' lang='lat' dir='ltr'><strong>mater</strong></span> <span class='ocrx_word' id='word_1_108' title='bbox 2736 1722 3073 1802; x_wconf 86' lang='lat' dir='ltr'><strong>tantopere</strong></span> <span class='ocrx_word' id='word_1_109' title='bbox 3127 1723 3193 1778; x_wconf 89' lang='lat' dir='ltr'><strong>et</strong></span> <span class='ocrx_word' id='word_1_110' title='bbox 3254 1711 3623 1800; x_wconf 87' lang='lat' dir='ltr'><strong>aequalium</strong></span> <span class='ocrx_word' id='word_1_111' title='bbox 3677 1721 3744 1777; x_wconf 91' lang='lat' dir='ltr'><strong>et</strong></span> <span class='ocrx_word' id='word_1_112' title='bbox 3782 1723 4191 1802; x_wconf 84' lang='lat' dir='ltr'><strong>posterorum</strong></span> 
     </span>
     <span class='ocr_line' id='line_1_11' title="bbox 818 1824 4190 1913; baseline -0.001 -21"><span class='ocrx_word' id='word_1_113' title='bbox 818 1824 1118 1892; x_wconf 87' lang='lat' dir='ltr'><strong>laudibus</strong></span> <span class='ocrx_word' id='word_1_114' title='bbox 1177 1825 1427 1910; x_wconf 89' lang='lat' dir='ltr'><strong>floruit,</strong></span> <span class='ocrx_word' id='word_1_115' title='bbox 1509 1835 1584 1891; x_wconf 89' lang='lat' dir='ltr'><strong>ut</strong></span> <span class='ocrx_word' id='word_1_116' title='bbox 1641 1824 2160 1891; x_wconf 84' lang='lat' dir='ltr'><strong>celebratissimis</strong></span> <span class='ocrx_word' id='word_1_117' title='bbox 2222 1826 2566 1910; x_wconf 82' lang='lat' dir='ltr'><strong>matronis,</strong></span> <span class='ocrx_word' id='word_1_118' title='bbox 2655 1824 2735 1892; x_wconf 88' lang='lat' dir='ltr'><strong>dc</strong></span> <span class='ocrx_word' id='word_1_119' title='bbox 2798 1826 3033 1913; x_wconf 89' lang='lat' dir='ltr'><strong>quibus</strong></span> <span class='ocrx_word' id='word_1_120' title='bbox 3100 1824 3413 1890; x_wconf 87' lang='lat' dir='ltr'><strong>memoria</strong></span> <span class='ocrx_word' id='word_1_121' title='bbox 3464 1824 3651 1891; x_wconf 89' lang='lat' dir='ltr'><strong>nobis</strong></span> <span class='ocrx_word' id='word_1_122' title='bbox 3718 1824 3968 1913; x_wconf 86' lang='lat' dir='ltr'><strong>prodit,</strong></span> <span class='ocrx_word' id='word_1_123' title='bbox 4050 1825 4190 1891; x_wconf 89' lang='lat' dir='ltr'><strong>iure</strong></span> 
     </span>
     <span class='ocr_line' id='line_1_12' title="bbox 820 1934 4191 2026; baseline -0.001 -22"><span class='ocrx_word' id='word_1_124' title='bbox 820 1936 1306 2004; x_wconf 86' lang='lat' dir='ltr'><strong>annumeranda</strong></span> <span class='ocrx_word' id='word_1_125' title='bbox 1386 1936 1702 2003; x_wconf 83' lang='lat' dir='ltr'><strong>videatur.</strong></span> <span class='ocrx_word' id='word_1_126' title='bbox 1828 1936 1986 2003; x_wconf 89' lang='lat' dir='ltr'><strong>Fuit</strong></span> <span class='ocrx_word' id='word_1_127' title='bbox 2070 1934 2394 2026; x_wconf 82' lang='lat' dir='ltr'><strong>Scipionis</strong></span> <span class='ocrx_word' id='word_1_128' title='bbox 2470 1937 2767 2004; x_wconf 85' lang='lat' dir='ltr'><strong>Africani</strong></span> <span class='ocrx_word' id='word_1_129' title='bbox 2848 1937 3111 2004; x_wconf 88' lang='lat' dir='ltr'><strong>maioris</strong></span> <span class='ocrx_word' id='word_1_130' title='bbox 3192 1937 3329 2002; x_wconf 88' lang='lat' dir='ltr'><strong>filia</strong></span> <span class='ocrx_word' id='word_1_131' title='bbox 3412 1960 3663 2002; x_wconf 89' lang='lat' dir='ltr'><strong>summa</strong></span> <span class='ocrx_word' id='word_1_132' title='bbox 3746 1937 4043 2004; x_wconf 87' lang='lat' dir='ltr'><strong>doctrina</strong></span> <span class='ocrx_word' id='word_1_133' title='bbox 4127 1947 4191 2002; x_wconf 91' lang='lat' dir='ltr'><strong>et</strong></span> 
     </span>
     <span class='ocr_line' id='line_1_13' title="bbox 815 2048 4190 2138; baseline 0 -22"><span class='ocrx_word' id='word_1_134' title='bbox 815 2050 1216 2117; x_wconf 86' lang='lat' dir='ltr'><strong>humanitate</strong></span> <span class='ocrx_word' id='word_1_135' title='bbox 1281 2050 1558 2116; x_wconf 84' lang='lat' dir='ltr'><strong>exculta.</strong></span> <span class='ocrx_word' id='word_1_136' title='bbox 1683 2048 2036 2115; x_wconf 83' lang='lat' dir='ltr'><strong>Africanus</strong></span> <span class='ocrx_word' id='word_1_137' title='bbox 2107 2050 2279 2116; x_wconf 88' lang='lat' dir='ltr'><strong>enim</strong></span> <span class='ocrx_word' id='word_1_138' title='bbox 2293 2100 2313 2133; x_wconf 83' lang='lat'>‚</span> <span class='ocrx_word' id='word_1_139' title='bbox 2382 2050 2713 2117; x_wconf 88' lang='lat' dir='ltr'><strong>literarum</strong></span> <span class='ocrx_word' id='word_1_140' title='bbox 2776 2049 3178 2117; x_wconf 84' lang='lat' dir='ltr'><strong>Graecarum</strong></span> <span class='ocrx_word' id='word_1_141' title='bbox 3252 2049 3710 2138; x_wconf 85' lang='lat' dir='ltr'><strong>peritissimus,</strong></span> <span class='ocrx_word' id='word_1_142' title='bbox 3784 2048 4190 2116; x_wconf 80' lang='lat' dir='ltr'><strong>Graecorum</strong></span> 
     </span>
     <span class='ocr_line' id='line_1_14' title="bbox 818 2155 4190 2250; baseline -0 -22"><span class='ocrx_word' id='word_1_143' title='bbox 818 2162 1099 2228; x_wconf 86' lang='lat' dir='ltr'><strong>maxime</strong></span> <span class='ocrx_word' id='word_1_144' title='bbox 1139 2164 1444 2229; x_wconf 88' lang='lat' dir='ltr'><strong>utebatur</strong></span> <span class='ocrx_word' id='word_1_145' title='bbox 1487 2155 1983 2239; x_wconf 79' lang='lat' dir='ltr'><strong>consuetudine3</strong></span> <span class='ocrx_word' id='word_1_146' title='bbox 2047 2163 2140 2228; x_wconf 87' lang='lat' dir='ltr'><strong>sic</strong></span> <span class='ocrx_word' id='word_1_147' title='bbox 2195 2173 2410 2228; x_wconf 88' lang='lat' dir='ltr'><strong>autem</strong></span> <span class='ocrx_word' id='word_1_148' title='bbox 2454 2164 2697 2228; x_wconf 87' lang='lat' dir='ltr'><strong>factum</strong></span> <span class='ocrx_word' id='word_1_149' title='bbox 2754 2173 2885 2247; x_wconf 87' lang='lat' dir='ltr'><strong>est,</strong></span> <span class='ocrx_word' id='word_1_150' title='bbox 2942 2172 3015 2228; x_wconf 88' lang='lat' dir='ltr'><strong>ut</strong></span> <span class='ocrx_word' id='word_1_151' title='bbox 3054 2163 3189 2228; x_wconf 87' lang='lat' dir='ltr'><strong>filia</strong></span> <span class='ocrx_word' id='word_1_152' title='bbox 3246 2183 3505 2250; x_wconf 77' lang='lat' dir='ltr'><strong>quoque</strong></span> <span class='ocrx_word' id='word_1_153' title='bbox 3548 2163 3815 2229; x_wconf 86' lang='lat' dir='ltr'><strong>summis</strong></span> <span class='ocrx_word' id='word_1_154' title='bbox 3872 2172 3939 2228; x_wconf 89' lang='lat' dir='ltr'><strong>et</strong></span> <span class='ocrx_word' id='word_1_155' title='bbox 3994 2163 4190 2228; x_wconf 87' lang='lat' dir='ltr'><strong>animi</strong></span> 
     </span>
     <span class='ocr_line' id='line_1_15' title="bbox 819 2273 4187 2363; baseline -0.001 -22"><span class='ocrx_word' id='word_1_156' title='bbox 819 2285 886 2341; x_wconf 87' lang='lat' dir='ltr'><strong>et</strong></span> <span class='ocrx_word' id='word_1_157' title='bbox 938 2274 1184 2363; x_wconf 86' lang='lat' dir='ltr'><strong>ingenii</strong></span> <span class='ocrx_word' id='word_1_158' title='bbox 1243 2274 1590 2340; x_wconf 83' lang='lat' dir='ltr'><strong>virtutibus</strong></span> <span class='ocrx_word' id='word_1_159' title='bbox 1643 2273 1941 2363; x_wconf 88' lang='lat' dir='ltr'><strong>praedita</strong></span> <span class='ocrx_word' id='word_1_160' title='bbox 1997 2273 2398 2341; x_wconf 86' lang='lat' dir='ltr'><strong>Graecorum</strong></span> <span class='ocrx_word' id='word_1_161' title='bbox 2454 2274 2749 2341; x_wconf 89' lang='lat' dir='ltr'><strong>doctrina</strong></span> <span class='ocrx_word' id='word_1_162' title='bbox 2806 2285 2873 2340; x_wconf 93' lang='lat' dir='ltr'><strong>et</strong></span> <span class='ocrx_word' id='word_1_163' title='bbox 2934 2274 3137 2340; x_wconf 86' lang='lat' dir='ltr'><strong>literis</strong></span> <span class='ocrx_word' id='word_1_164' title='bbox 3193 2274 3449 2362; x_wconf 90' lang='lat' dir='ltr'><strong>penitus</strong></span> <span class='ocrx_word' id='word_1_165' title='bbox 3508 2274 3925 2341; x_wconf 88' lang='lat' dir='ltr'><strong>imbueretur.</strong></span> <span class='ocrx_word' id='word_1_166' title='bbox 4054 2273 4187 2342; x_wconf 82' lang='lat' dir='ltr'><strong>Sed</strong></span> 
     </span>
     <span class='ocr_line' id='line_1_16' title="bbox 822 2384 4188 2475; baseline 0 -21"><span class='ocrx_word' id='word_1_167' title='bbox 822 2386 1012 2454; x_wconf 91' lang='lat' dir='ltr'><strong>docte</strong></span> <span class='ocrx_word' id='word_1_168' title='bbox 1065 2397 1131 2453; x_wconf 89' lang='lat' dir='ltr'><strong>et</strong></span> <span class='ocrx_word' id='word_1_169' title='bbox 1184 2386 1532 2474; x_wconf 87' lang='lat' dir='ltr'><strong>diligenter</strong></span> <span class='ocrx_word' id='word_1_170' title='bbox 1589 2385 1668 2452; x_wconf 92' lang='lat' dir='ltr'><strong>de</strong></span> <span class='ocrx_word' id='word_1_171' title='bbox 1726 2384 2034 2453; x_wconf 87' lang='lat' dir='ltr'><strong>Cornelia</strong></span> <span class='ocrx_word' id='word_1_172' title='bbox 2083 2387 2408 2454; x_wconf 86' lang='lat' dir='ltr'><strong>Mercklin</strong></span> <span class='ocrx_word' id='word_1_173' title='bbox 2472 2387 2727 2475; x_wconf 82' lang='lat' dir='ltr'><strong>scripsit</strong></span> <span class='ocrx_word' id='word_1_174' title='bbox 2776 2387 2845 2453; x_wconf 88' lang='lat' dir='ltr'><strong>in</strong></span> <span class='ocrx_word' id='word_1_175' title='bbox 2902 2386 3441 2454; x_wconf 84' lang='lat' dir='ltr'><strong>commentatione</strong></span> <span class='ocrx_word' id='word_1_176' title='bbox 3497 2386 3576 2452; x_wconf 92' lang='lat' dir='ltr'><strong>de</strong></span> <span class='ocrx_word' id='word_1_177' title='bbox 3635 2387 3981 2454; x_wconf 80' lang='lat' dir='ltr'><strong>Corneliae</strong></span> <span class='ocrx_word' id='word_1_178' title='bbox 4032 2389 4188 2473; x_wconf 83' lang='lat' dir='ltr'><strong>vita,</strong></span> 
     </span>
     <span class='ocr_line' id='line_1_17' title="bbox 821 2497 4191 2590; baseline -0 -24"><span class='ocrx_word' id='word_1_179' title='bbox 821 2500 1109 2566; x_wconf 84' lang='lat' dir='ltr'><strong>moribus</strong></span> <span class='ocrx_word' id='word_1_180' title='bbox 1152 2507 1220 2565; x_wconf 86' lang='lat' dir='ltr'><strong>et</strong></span> <span class='ocrx_word' id='word_1_181' title='bbox 1259 2499 1572 2587; x_wconf 84' lang='lat' dir='ltr'><strong>epistolis.</strong></span> <span class='ocrx_word' id='word_1_182' title='bbox 1679 2499 1867 2565; x_wconf 90' lang='lat' dir='ltr'><strong>Haec</strong></span> <span class='ocrx_word' id='word_1_183' title='bbox 1907 2500 2150 2566; x_wconf 88' lang='lat' dir='ltr'><strong>femina</strong></span> <span class='ocrx_word' id='word_1_184' title='bbox 2192 2522 2390 2587; x_wconf 90' lang='lat' dir='ltr'><strong>quum</strong></span> <span class='ocrx_word' id='word_1_185' title='bbox 2435 2509 2629 2588; x_wconf 86' lang='lat' dir='ltr'><strong>gente</strong></span> <span class='ocrx_word' id='word_1_186' title='bbox 2671 2508 2825 2564; x_wconf 87' lang='lat' dir='ltr'><strong>nata</strong></span> <span class='ocrx_word' id='word_1_187' title='bbox 2870 2509 3039 2565; x_wconf 90' lang='lat' dir='ltr'><strong>esset</strong></span> <span class='ocrx_word' id='word_1_188' title='bbox 3082 2497 3162 2563; x_wconf 90' lang='lat' dir='ltr'><strong>de</strong></span> <span class='ocrx_word' id='word_1_189' title='bbox 3222 2500 3557 2586; x_wconf 84' lang='lat' dir='ltr'><strong>republica</strong></span> <span class='ocrx_word' id='word_1_190' title='bbox 3598 2501 3899 2567; x_wconf 84' lang='lat' dir='ltr'><strong>Romana</strong></span> <span class='ocrx_word' id='word_1_191' title='bbox 3952 2501 4191 2590; x_wconf 86' lang='lat' dir='ltr'><strong>optime</strong></span> 
     </span>
     <span class='ocr_line' id='line_1_18' title="bbox 819 2610 4187 2700; baseline 0 -23"><span class='ocrx_word' id='word_1_192' title='bbox 819 2613 1084 2696; x_wconf 83' lang='lat' dir='ltr'><strong>merita,</strong></span> <span class='ocrx_word' id='word_1_193' title='bbox 1143 2611 1321 2678; x_wconf 90' lang='lat' dir='ltr'><strong>cuius</strong></span> <span class='ocrx_word' id='word_1_194' title='bbox 1378 2619 1564 2700; x_wconf 87' lang='lat' dir='ltr'><strong>pater</strong></span> <span class='ocrx_word' id='word_1_195' title='bbox 1620 2610 1872 2677; x_wconf 84' lang='lat' dir='ltr'><strong>hostem</strong></span> <span class='ocrx_word' id='word_1_196' title='bbox 1931 2611 2271 2678; x_wconf 86' lang='lat' dir='ltr'><strong>devicisset</strong></span> <span class='ocrx_word' id='word_1_197' title='bbox 2324 2613 2573 2700; x_wconf 91' lang='lat' dir='ltr'><strong>populo</strong></span> <span class='ocrx_word' id='word_1_198' title='bbox 2626 2611 2925 2677; x_wconf 88' lang='lat' dir='ltr'><strong>Romano</strong></span> <span class='ocrx_word' id='word_1_199' title='bbox 2992 2611 3512 2694; x_wconf 85' lang='lat' dir='ltr'><strong>infestissimum,</strong></span> <span class='ocrx_word' id='word_1_200' title='bbox 3573 2611 3713 2679; x_wconf 89' lang='lat' dir='ltr'><strong>fieri</strong></span> <span class='ocrx_word' id='word_1_201' title='bbox 3768 2637 3899 2678; x_wconf 91' lang='lat' dir='ltr'><strong>non</strong></span> <span class='ocrx_word' id='word_1_202' title='bbox 3956 2613 4187 2700; x_wconf 90' lang='lat' dir='ltr'><strong>potuit,</strong></span> 
     </span>
     <span class='ocr_line' id='line_1_19' title="bbox 820 2721 4190 2813; baseline 0 -24"><span class='ocrx_word' id='word_1_203' title='bbox 820 2725 978 2813; x_wconf 89' lang='lat' dir='ltr'><strong>quin</strong></span> <span class='ocrx_word' id='word_1_204' title='bbox 1021 2745 1274 2789; x_wconf 89' lang='lat' dir='ltr'><strong>summa</strong></span> <span class='ocrx_word' id='word_1_205' title='bbox 1313 2723 1465 2790; x_wconf 90' lang='lat' dir='ltr'><strong>inde</strong></span> <span class='ocrx_word' id='word_1_206' title='bbox 1505 2723 1676 2812; x_wconf 86' lang='lat' dir='ltr'><strong>patri</strong></span> <span class='ocrx_word' id='word_1_207' title='bbox 1719 2733 1908 2813; x_wconf 87' lang='lat' dir='ltr'><strong>parta</strong></span> <span class='ocrx_word' id='word_1_208' title='bbox 1967 2725 2183 2812; x_wconf 86' lang='lat' dir='ltr'><strong>gloria</strong></span> <span class='ocrx_word' id='word_1_209' title='bbox 2239 2725 2305 2790; x_wconf 92' lang='lat' dir='ltr'><strong>in</strong></span> <span class='ocrx_word' id='word_1_210' title='bbox 2364 2725 2565 2790; x_wconf 87' lang='lat' dir='ltr'><strong>filiam</strong></span> <span class='ocrx_word' id='word_1_211' title='bbox 2638 2747 2896 2813; x_wconf 91' lang='lat' dir='ltr'><strong>quoque</strong></span> <span class='ocrx_word' id='word_1_212' title='bbox 2979 2721 3312 2790; x_wconf 89' lang='lat' dir='ltr'><strong>recideret.</strong></span> <span class='ocrx_word' id='word_1_213' title='bbox 3439 2723 3597 2812; x_wconf 87' lang='lat' dir='ltr'><strong>Ipsa</strong></span> <span class='ocrx_word' id='word_1_214' title='bbox 3692 2735 3905 2794; x_wconf 86' lang='lat' dir='ltr'><strong>autem</strong></span> <span class='ocrx_word' id='word_1_215' title='bbox 3994 2735 4190 2812; x_wconf 85' lang='lat' dir='ltr'><strong>gente</strong></span> 
     </span>
     <span class='ocr_line' id='line_1_20' title="bbox 817 2835 4189 2925; baseline -0.001 -20"><span class='ocrx_word' id='word_1_216' title='bbox 817 2847 976 2906; x_wconf 88' lang='lat' dir='ltr'><strong>nata</strong></span> <span class='ocrx_word' id='word_1_217' title='bbox 1059 2836 1546 2916; x_wconf 86' lang='lat' dir='ltr'><strong>honestissima,</strong></span> <span class='ocrx_word' id='word_1_218' title='bbox 1645 2837 1912 2903; x_wconf 88' lang='lat' dir='ltr'><strong>summis</strong></span> <span class='ocrx_word' id='word_1_219' title='bbox 1999 2837 2296 2903; x_wconf 87' lang='lat' dir='ltr'><strong>laudibus</strong></span> <span class='ocrx_word' id='word_1_220' title='bbox 2383 2845 2647 2919; x_wconf 87' lang='lat' dir='ltr'><strong>ornata,</strong></span> <span class='ocrx_word' id='word_1_221' title='bbox 2748 2860 2881 2902; x_wconf 89' lang='lat' dir='ltr'><strong>non</strong></span> <span class='ocrx_word' id='word_1_222' title='bbox 2924 2835 3135 2924; x_wconf 89' lang='lat' dir='ltr'><strong>potuit</strong></span> <span class='ocrx_word' id='word_1_223' title='bbox 3174 2857 3308 2900; x_wconf 88' lang='lat' dir='ltr'><strong>non</strong></span> <span class='ocrx_word' id='word_1_224' title='bbox 3350 2844 3577 2925; x_wconf 88' lang='lat' dir='ltr'><strong>optare</strong></span> <span class='ocrx_word' id='word_1_225' title='bbox 3618 2847 3692 2902; x_wconf 92' lang='lat' dir='ltr'><strong>ut</strong></span> <span class='ocrx_word' id='word_1_226' title='bbox 3732 2859 3986 2904; x_wconf 86' lang='lat' dir='ltr'><strong>summa</strong></span> <span class='ocrx_word' id='word_1_227' title='bbox 4026 2837 4189 2903; x_wconf 87' lang='lat' dir='ltr'><strong>haec</strong></span> 
     </span>
     <span class='ocr_line' id='line_1_21' title="bbox 823 2947 4187 3038; baseline 0 -23"><span class='ocrx_word' id='word_1_228' title='bbox 823 2949 1038 3036; x_wconf 87' lang='lat' dir='ltr'><strong>gloria</strong></span> <span class='ocrx_word' id='word_1_229' title='bbox 1077 2949 1146 3014; x_wconf 90' lang='lat' dir='ltr'><strong>in</strong></span> <span class='ocrx_word' id='word_1_230' title='bbox 1188 2947 1430 3013; x_wconf 69' lang='lat' dir='ltr'><strong>familia</strong></span> <span class='ocrx_word' id='word_1_231' title='bbox 1495 2969 1614 3014; x_wconf 87' lang='lat' dir='ltr'><strong>sua</strong></span> <span class='ocrx_word' id='word_1_232' title='bbox 1669 2948 2055 3014; x_wconf 85' lang='lat' dir='ltr'><strong>retineretur</strong></span> <span class='ocrx_word' id='word_1_233' title='bbox 2122 2959 2187 3014; x_wconf 93' lang='lat' dir='ltr'><strong>et</strong></span> <span class='ocrx_word' id='word_1_234' title='bbox 2249 2948 2555 3037; x_wconf 88' lang='lat' dir='ltr'><strong>splendor</strong></span> <span class='ocrx_word' id='word_1_235' title='bbox 2609 2973 2648 3014; x_wconf 91' lang='lat' dir='ltr'><strong>a</strong></span> <span class='ocrx_word' id='word_1_236' title='bbox 2702 2948 3051 3016; x_wconf 89' lang='lat' dir='ltr'><strong>maioribus</strong></span> <span class='ocrx_word' id='word_1_237' title='bbox 3114 2948 3442 3036; x_wconf 84' lang='lat' dir='ltr'><strong>profectus</strong></span> <span class='ocrx_word' id='word_1_238' title='bbox 3496 2949 3691 3014; x_wconf 88' lang='lat' dir='ltr'><strong>etiam</strong></span> <span class='ocrx_word' id='word_1_239' title='bbox 3752 2949 3837 3014; x_wconf 89' lang='lat' dir='ltr'><strong>ad</strong></span> <span class='ocrx_word' id='word_1_240' title='bbox 3891 2959 4187 3038; x_wconf 87' lang='lat' dir='ltr'><strong>posteros</strong></span> 
     </span>
     <span class='ocr_line' id='line_1_22' title="bbox 825 3060 4185 3151; baseline 0 -22"><span class='ocrx_word' id='word_1_241' title='bbox 825 3070 1318 3151; x_wconf 85' lang='lat' dir='ltr'><strong>propagaretur.</strong></span> <span class='ocrx_word' id='word_1_242' title='bbox 1413 3060 1614 3128; x_wconf 89' lang='lat' dir='ltr'><strong>Alere</strong></span> <span class='ocrx_word' id='word_1_243' title='bbox 1665 3084 1821 3127; x_wconf 83' lang='lat' dir='ltr'><strong>vero</strong></span> <span class='ocrx_word' id='word_1_244' title='bbox 1865 3060 2074 3127; x_wconf 87' lang='lat' dir='ltr'><strong>laudis</strong></span> <span class='ocrx_word' id='word_1_245' title='bbox 2119 3061 2537 3151; x_wconf 88' lang='lat' dir='ltr'><strong>cupiditatem</strong></span> <span class='ocrx_word' id='word_1_246' title='bbox 2590 3070 2657 3128; x_wconf 92' lang='lat' dir='ltr'><strong>et</strong></span> <span class='ocrx_word' id='word_1_247' title='bbox 2712 3061 2795 3127; x_wconf 87' lang='lat' dir='ltr'><strong>ad</strong></span> <span class='ocrx_word' id='word_1_248' title='bbox 2851 3085 3104 3127; x_wconf 89' lang='lat' dir='ltr'><strong>summa</strong></span> <span class='ocrx_word' id='word_1_249' title='bbox 3156 3084 3453 3150; x_wconf 87' lang='lat' dir='ltr'><strong>quaeque</strong></span> <span class='ocrx_word' id='word_1_250' title='bbox 3496 3061 3931 3145; x_wconf 85' lang='lat' dir='ltr'><strong>inflammare,</strong></span> <span class='ocrx_word' id='word_1_251' title='bbox 3984 3086 4185 3151; x_wconf 90' lang='lat' dir='ltr'><strong>quum</strong></span> 
     </span>
     <span class='ocr_line' id='line_1_23' title="bbox 816 3172 4187 3265; baseline 0.001 -25"><span class='ocrx_word' id='word_1_252' title='bbox 816 3198 936 3265; x_wconf 91' lang='lat' dir='ltr'><strong>per</strong></span> <span class='ocrx_word' id='word_1_253' title='bbox 973 3197 1045 3241; x_wconf 86' lang='lat' dir='ltr'><strong>se</strong></span> <span class='ocrx_word' id='word_1_254' title='bbox 1084 3172 1350 3241; x_wconf 86' lang='lat' dir='ltr'><strong>minime</strong></span> <span class='ocrx_word' id='word_1_255' title='bbox 1391 3184 1492 3239; x_wconf 87' lang='lat' dir='ltr'><strong>est</strong></span> <span class='ocrx_word' id='word_1_256' title='bbox 1531 3173 2065 3262; x_wconf 85' lang='lat' dir='ltr'><strong>vituperandum,</strong></span> <span class='ocrx_word' id='word_1_257' title='bbox 2119 3183 2257 3240; x_wconf 91' lang='lat' dir='ltr'><strong>tum</strong></span> <span class='ocrx_word' id='word_1_258' title='bbox 2308 3174 2375 3240; x_wconf 90' lang='lat' dir='ltr'><strong>in</strong></span> <span class='ocrx_word' id='word_1_259' title='bbox 2428 3174 2761 3262; x_wconf 87' lang='lat' dir='ltr'><strong>republica</strong></span> <span class='ocrx_word' id='word_1_260' title='bbox 2800 3174 3099 3240; x_wconf 88' lang='lat' dir='ltr'><strong>Romana</strong></span> <span class='ocrx_word' id='word_1_261' title='bbox 3154 3174 3221 3238; x_wconf 90' lang='lat' dir='ltr'><strong>in</strong></span> <span class='ocrx_word' id='word_1_262' title='bbox 3262 3197 3392 3262; x_wconf 87' lang='lat' dir='ltr'><strong>qua</strong></span> <span class='ocrx_word' id='word_1_263' title='bbox 3444 3174 3521 3239; x_wconf 87' lang='lat' dir='ltr'><strong>iis</strong></span> <span class='ocrx_word' id='word_1_264' title='bbox 3578 3196 3833 3240; x_wconf 89' lang='lat' dir='ltr'><strong>summa</strong></span> <span class='ocrx_word' id='word_1_265' title='bbox 3887 3198 4187 3264; x_wconf 88' lang='lat' dir='ltr'><strong>quaeque</strong></span> 
     </span>
     <span class='ocr_line' id='line_1_24' title="bbox 814 3285 4190 3376; baseline 0.001 -23"><span class='ocrx_word' id='word_1_266' title='bbox 814 3288 1162 3376; x_wconf 87' lang='lat' dir='ltr'><strong>patebant,</strong></span> <span class='ocrx_word' id='word_1_267' title='bbox 1207 3285 1320 3375; x_wconf 92' lang='lat' dir='ltr'><strong>qui</strong></span> <span class='ocrx_word' id='word_1_268' title='bbox 1359 3286 1652 3375; x_wconf 86' lang='lat' dir='ltr'><strong>gentium</strong></span> <span class='ocrx_word' id='word_1_269' title='bbox 1694 3285 1763 3352; x_wconf 91' lang='lat' dir='ltr'><strong>in</strong></span> <span class='ocrx_word' id='word_1_270' title='bbox 1803 3308 2072 3353; x_wconf 87' lang='lat' dir='ltr'><strong>numero</strong></span> <span class='ocrx_word' id='word_1_271' title='bbox 2119 3294 2306 3353; x_wconf 89' lang='lat' dir='ltr'><strong>erant</strong></span> <span class='ocrx_word' id='word_1_272' title='bbox 2345 3286 2429 3353; x_wconf 90' lang='lat' dir='ltr'><strong>ad</strong></span> <span class='ocrx_word' id='word_1_273' title='bbox 2474 3310 2655 3376; x_wconf 88' lang='lat' dir='ltr'><strong>spem</strong></span> <span class='ocrx_word' id='word_1_274' title='bbox 2695 3288 3193 3375; x_wconf 84' lang='lat' dir='ltr'><strong>magistratuum</strong></span> <span class='ocrx_word' id='word_1_275' title='bbox 3237 3286 3423 3374; x_wconf 91' lang='lat' dir='ltr'><strong>quasi</strong></span> <span class='ocrx_word' id='word_1_276' title='bbox 3466 3286 3547 3352; x_wconf 88' lang='lat' dir='ltr'><strong>ad</strong></span> <span class='ocrx_word' id='word_1_277' title='bbox 3590 3286 3691 3353; x_wconf 89' lang='lat' dir='ltr'><strong>ius</strong></span> <span class='ocrx_word' id='word_1_278' title='bbox 3734 3286 3859 3353; x_wconf 87' lang='lat' dir='ltr'><strong>sibi</strong></span> <span class='ocrx_word' id='word_1_279' title='bbox 3898 3286 4190 3355; x_wconf 86' lang='lat' dir='ltr'><strong>debitum</strong></span> 
     </span>
     <span class='ocr_line' id='line_1_25' title="bbox 822 3397 4186 3491; baseline 0.001 -25"><span class='ocrx_word' id='word_1_280' title='bbox 822 3399 1244 3489; x_wconf 86' lang='lat' dir='ltr'><strong>aspirantium</strong></span> <span class='ocrx_word' id='word_1_281' title='bbox 1258 3448 1280 3481; x_wconf 88' lang='lat'><strong><em>,</em></strong></span> <span class='ocrx_word' id='word_1_282' title='bbox 1345 3399 1501 3465; x_wconf 88' lang='lat' dir='ltr'><strong>satis</strong></span> <span class='ocrx_word' id='word_1_283' title='bbox 1543 3398 1670 3465; x_wconf 82' lang='lat' dir='ltr'><strong>fuit</strong></span> <span class='ocrx_word' id='word_1_284' title='bbox 1709 3398 2038 3465; x_wconf 88' lang='lat' dir='ltr'><strong>usitatum.</strong></span> <span class='ocrx_word' id='word_1_285' title='bbox 2166 3397 2397 3464; x_wconf 82' lang='lat' dir='ltr'><strong>Talem</strong></span> <span class='ocrx_word' id='word_1_286' title='bbox 2442 3409 2655 3465; x_wconf 91' lang='lat' dir='ltr'><strong>autem</strong></span> <span class='ocrx_word' id='word_1_287' title='bbox 2698 3409 2969 3466; x_wconf 88' lang='lat' dir='ltr'><strong>matrem</strong></span> <span class='ocrx_word' id='word_1_288' title='bbox 2988 3450 3006 3483; x_wconf 92' lang='lat'><strong><em>,</em></strong></span> <span class='ocrx_word' id='word_1_289' title='bbox 3073 3422 3241 3488; x_wconf 89' lang='lat' dir='ltr'><strong>quae</strong></span> <span class='ocrx_word' id='word_1_290' title='bbox 3284 3399 3429 3489; x_wconf 86' lang='lat' dir='ltr'><strong>ipsa</strong></span> <span class='ocrx_word' id='word_1_291' title='bbox 3470 3398 3935 3487; x_wconf 86' lang='lat' dir='ltr'><strong>gloriosissima</strong></span> <span class='ocrx_word' id='word_1_292' title='bbox 3976 3402 4186 3491; x_wconf 80' lang='lat' dir='ltr'><strong>reipu-</strong></span> 
     </span>
     <span class='ocr_line' id='line_1_26' title="bbox 815 3509 4185 3602; baseline -0 -22"><span class='ocrx_word' id='word_1_293' title='bbox 815 3512 1025 3583; x_wconf 88' lang='lat' dir='ltr'><strong>blicae</strong></span> <span class='ocrx_word' id='word_1_294' title='bbox 1067 3512 1409 3578; x_wconf 87' lang='lat' dir='ltr'><strong>Romanae</strong></span> <span class='ocrx_word' id='word_1_295' title='bbox 1462 3519 1758 3599; x_wconf 87' lang='lat' dir='ltr'><strong>tempora</strong></span> <span class='ocrx_word' id='word_1_296' title='bbox 1796 3509 2050 3577; x_wconf 82' lang='lat' dir='ltr'><strong>viderat</strong></span> <span class='ocrx_word' id='word_1_297' title='bbox 2099 3520 2164 3576; x_wconf 91' lang='lat' dir='ltr'><strong>et</strong></span> <span class='ocrx_word' id='word_1_298' title='bbox 2205 3512 2472 3577; x_wconf 89' lang='lat' dir='ltr'><strong>summis</strong></span> <span class='ocrx_word' id='word_1_299' title='bbox 2514 3511 2856 3578; x_wconf 86' lang='lat' dir='ltr'><strong>virtutibus</strong></span> <span class='ocrx_word' id='word_1_300' title='bbox 2916 3521 3143 3580; x_wconf 88' lang='lat' dir='ltr'><strong>ornata</strong></span> <span class='ocrx_word' id='word_1_301' title='bbox 3197 3520 3367 3596; x_wconf 91' lang='lat' dir='ltr'><strong>erat,</strong></span> <span class='ocrx_word' id='word_1_302' title='bbox 3426 3521 3492 3578; x_wconf 87' lang='lat' dir='ltr'><strong>et</strong></span> <span class='ocrx_word' id='word_1_303' title='bbox 3544 3512 3753 3600; x_wconf 87' lang='lat' dir='ltr'><strong>ipsam</strong></span> <span class='ocrx_word' id='word_1_304' title='bbox 3807 3512 3891 3579; x_wconf 91' lang='lat' dir='ltr'><strong>ad</strong></span> <span class='ocrx_word' id='word_1_305' title='bbox 3942 3514 4185 3602; x_wconf 80' lang='lat' dir='ltr'><strong>optima</strong></span> 
     </span>
     <span class='ocr_line' id='line_1_27' title="bbox 821 3622 4188 3714; baseline 0 -23"><span class='ocrx_word' id='word_1_306' title='bbox 821 3648 1114 3714; x_wconf 88' lang='lat' dir='ltr'><strong>quaeque</strong></span> <span class='ocrx_word' id='word_1_307' title='bbox 1153 3625 1224 3690; x_wconf 91' lang='lat' dir='ltr'><strong>in</strong></span> <span class='ocrx_word' id='word_1_308' title='bbox 1263 3623 1598 3713; x_wconf 88' lang='lat' dir='ltr'><strong>republica</strong></span> <span class='ocrx_word' id='word_1_309' title='bbox 1637 3630 1968 3711; x_wconf 80' lang='lat' dir='ltr'><strong>spectasse</strong></span> <span class='ocrx_word' id='word_1_310' title='bbox 2009 3632 2076 3688; x_wconf 91' lang='lat' dir='ltr'><strong>et</strong></span> <span class='ocrx_word' id='word_1_311' title='bbox 2116 3623 2284 3691; x_wconf 89' lang='lat' dir='ltr'><strong>filios</strong></span> <span class='ocrx_word' id='word_1_312' title='bbox 2327 3624 2733 3691; x_wconf 87' lang='lat' dir='ltr'><strong>adhortatam</strong></span> <span class='ocrx_word' id='word_1_313' title='bbox 2776 3648 2951 3709; x_wconf 87' lang='lat' dir='ltr'><strong>esse,</strong></span> <span class='ocrx_word' id='word_1_314' title='bbox 3008 3647 3198 3690; x_wconf 90' lang='lat' dir='ltr'><strong>nemo</strong></span> <span class='ocrx_word' id='word_1_315' title='bbox 3250 3623 3650 3689; x_wconf 88' lang='lat' dir='ltr'><strong>infitiabitur.</strong></span> <span class='ocrx_word' id='word_1_316' title='bbox 3776 3622 4188 3692; x_wconf 84' lang='lat' dir='ltr'><strong>Exstiterunt</strong></span> 
     </span>
     <span class='ocr_line' id='line_1_28' title="bbox 821 3734 4182 3826; baseline -0 -23"><span class='ocrx_word' id='word_1_317' title='bbox 821 3735 993 3825; x_wconf 87' lang='lat' dir='ltr'><strong>apud</strong></span> <span class='ocrx_word' id='word_1_318' title='bbox 1033 3744 1285 3804; x_wconf 84' lang='lat' dir='ltr'><strong>veteres</strong></span> <span class='ocrx_word' id='word_1_319' title='bbox 1340 3736 1478 3803; x_wconf 89' lang='lat' dir='ltr'><strong>eius</strong></span> <span class='ocrx_word' id='word_1_320' title='bbox 1520 3735 1836 3825; x_wconf 88' lang='lat' dir='ltr'><strong>epistolae</strong></span> <span class='ocrx_word' id='word_1_321' title='bbox 1891 3735 1974 3800; x_wconf 86' lang='lat' dir='ltr'><strong>ad</strong></span> <span class='ocrx_word' id='word_1_322' title='bbox 2035 3735 2201 3802; x_wconf 85' lang='lat' dir='ltr'><strong>filios</strong></span> <span class='ocrx_word' id='word_1_323' title='bbox 2255 3737 2568 3826; x_wconf 80' lang='lat' dir='ltr'><strong>scripta03</strong></span> <span class='ocrx_word' id='word_1_324' title='bbox 2632 3735 2830 3801; x_wconf 88' lang='lat' dir='ltr'><strong>etiam</strong></span> <span class='ocrx_word' id='word_1_325' title='bbox 2890 3759 3008 3803; x_wconf 91' lang='lat' dir='ltr'><strong>nos</strong></span> <span class='ocrx_word' id='word_1_326' title='bbox 3071 3736 3385 3802; x_wconf 83' lang='lat' dir='ltr'><strong>habemus</strong></span> <span class='ocrx_word' id='word_1_327' title='bbox 3441 3734 3784 3803; x_wconf 86' lang='lat' dir='ltr'><strong>Corneliae</strong></span> <span class='ocrx_word' id='word_1_328' title='bbox 3840 3736 4182 3825; x_wconf 80' lang='lat' dir='ltr'><strong>epistolas3</strong></span> 
     </span>
     <span class='ocr_line' id='line_1_29' title="bbox 819 3846 4185 3938; baseline -0.001 -22"><span class='ocrx_word' id='word_1_329' title='bbox 819 3872 982 3938; x_wconf 85' lang='lat' dir='ltr'><strong>quas</strong></span> <span class='ocrx_word' id='word_1_330' title='bbox 1027 3872 1227 3938; x_wconf 89' lang='lat' dir='ltr'><strong>quum</strong></span> <span class='ocrx_word' id='word_1_331' title='bbox 1282 3848 1470 3915; x_wconf 88' lang='lat' dir='ltr'><strong>multi</strong></span> <span class='ocrx_word' id='word_1_332' title='bbox 1523 3872 1642 3937; x_wconf 91' lang='lat' dir='ltr'><strong>pro</strong></span> <span class='ocrx_word' id='word_1_333' title='bbox 1697 3848 1878 3915; x_wconf 84' lang='lat' dir='ltr'><strong>falsis</strong></span> <span class='ocrx_word' id='word_1_334' title='bbox 1925 3849 2206 3915; x_wconf 86' lang='lat' dir='ltr'><strong>habeant</strong></span> <span class='ocrx_word' id='word_1_335' title='bbox 2219 3898 2237 3931; x_wconf 92' lang='lat'><strong><em>,</em></strong></span> <span class='ocrx_word' id='word_1_336' title='bbox 2303 3859 2453 3916; x_wconf 83' lang='lat' dir='ltr'><strong>sun-t</strong></span> <span class='ocrx_word' id='word_1_337' title='bbox 2497 3850 2609 3937; x_wconf 89' lang='lat' dir='ltr'><strong>qui</strong></span> <span class='ocrx_word' id='word_1_338' title='bbox 2648 3872 2759 3915; x_wconf 89' lang='lat' dir='ltr'><strong>eas</strong></span> <span class='ocrx_word' id='word_1_339' title='bbox 2801 3872 2955 3915; x_wconf 81' lang='lat' dir='ltr'><strong>vere</strong></span> <span class='ocrx_word' id='word_1_340' title='bbox 3000 3873 3039 3914; x_wconf 87' lang='lat' dir='ltr'><strong>a</strong></span> <span class='ocrx_word' id='word_1_341' title='bbox 3080 3846 3388 3915; x_wconf 89' lang='lat' dir='ltr'><strong>Cornelia</strong></span> <span class='ocrx_word' id='word_1_342' title='bbox 3440 3850 3764 3937; x_wconf 86' lang='lat' dir='ltr'><strong>profectas</strong></span> <span class='ocrx_word' id='word_1_343' title='bbox 3828 3870 3970 3913; x_wconf 90' lang='lat' dir='ltr'><strong>esse</strong></span> <span class='ocrx_word' id='word_1_344' title='bbox 4022 3847 4185 3913; x_wconf 81' lang='lat' dir='ltr'><strong>iudi·</strong></span> 
     </span>
     <span class='ocr_line' id='line_1_30' title="bbox 819 3959 4183 4051; baseline -0.001 -24"><span class='ocrx_word' id='word_1_345' title='bbox 819 3971 1000 4046; x_wconf 80' lang='lat' dir='ltr'><strong>cent3</strong></span> <span class='ocrx_word' id='word_1_346' title='bbox 1062 3962 1212 4028; x_wconf 83' lang='lat' dir='ltr'><strong>vide</strong></span> <span class='ocrx_word' id='word_1_347' title='bbox 1253 3962 1600 4028; x_wconf 87' lang='lat' dir='ltr'><strong>Mercklini</strong></span> <span class='ocrx_word' id='word_1_348' title='bbox 1643 3961 1722 4028; x_wconf 90' lang='lat' dir='ltr'><strong>de</strong></span> <span class='ocrx_word' id='word_1_349' title='bbox 1763 3962 1888 4027; x_wconf 90' lang='lat' dir='ltr'><strong>hac</strong></span> <span class='ocrx_word' id='word_1_350' title='bbox 1927 3985 2001 4027; x_wconf 90' lang='lat' dir='ltr'><strong>re</strong></span> <span class='ocrx_word' id='word_1_351' title='bbox 2045 3959 2564 4049; x_wconf 86' lang='lat' dir='ltr'><strong>disputationem.</strong></span> <span class='ocrx_word' id='word_1_352' title='bbox 2650 3962 2804 4027; x_wconf 88' lang='lat' dir='ltr'><strong>Alio</strong></span> <span class='ocrx_word' id='word_1_353' title='bbox 2846 3963 3121 4027; x_wconf 85' lang='lat' dir='ltr'><strong>fortasse</strong></span> <span class='ocrx_word' id='word_1_354' title='bbox 3164 3961 3307 4027; x_wconf 93' lang='lat' dir='ltr'><strong>loco</strong></span> <span class='ocrx_word' id='word_1_355' title='bbox 3363 3963 3518 4050; x_wconf 78' lang='lat' dir='ltr'><strong>qui-d</strong></span> <span class='ocrx_word' id='word_1_356' title='bbox 3580 3963 3721 4051; x_wconf 86' lang='lat' dir='ltr'><strong>ipse</strong></span> <span class='ocrx_word' id='word_1_357' title='bbox 3776 3959 3857 4025; x_wconf 91' lang='lat' dir='ltr'><strong>de</strong></span> <span class='ocrx_word' id='word_1_358' title='bbox 3916 3960 3996 4026; x_wconf 90' lang='lat' dir='ltr'><strong>iis</strong></span> <span class='ocrx_word' id='word_1_359' title='bbox 4052 3959 4183 4027; x_wconf 80' lang='lat' dir='ltr'><strong>exi-</strong></span> 
     </span>
     <span class='ocr_line' id='line_1_31' title="bbox 818 4072 4184 4163; baseline 0 -24"><span class='ocrx_word' id='word_1_360' title='bbox 818 4075 1070 4140; x_wconf 88' lang='lat' dir='ltr'><strong>stimem</strong></span> <span class='ocrx_word' id='word_1_361' title='bbox 1146 4075 1466 4162; x_wconf 81' lang='lat' dir='ltr'><strong>copiosius</strong></span> <span class='ocrx_word' id='word_1_362' title='bbox 1539 4097 1877 4163; x_wconf 82' lang='lat' dir='ltr'><strong>exsequar.</strong></span> <span class='ocrx_word' id='word_1_363' title='bbox 2005 4073 2210 4140; x_wconf 87' lang='lat' dir='ltr'><strong>Miror</strong></span> <span class='ocrx_word' id='word_1_364' title='bbox 2274 4074 2445 4141; x_wconf 90' lang='lat' dir='ltr'><strong>enim</strong></span> <span class='ocrx_word' id='word_1_365' title='bbox 2514 4076 2713 4141; x_wconf 82' lang='lat' dir='ltr'><strong>etiam</strong></span> <span class='ocrx_word' id='word_1_366' title='bbox 2764 4074 3127 4141; x_wconf 88' lang='lat' dir='ltr'><strong>recentiore</strong></span> <span class='ocrx_word' id='word_1_367' title='bbox 3184 4082 3395 4139; x_wconf 86' lang='lat' dir='ltr'><strong>aetate</strong></span> <span class='ocrx_word' id='word_1_368' title='bbox 3452 4098 3492 4137; x_wconf 88' lang='lat' dir='ltr'><strong>a</strong></span> <span class='ocrx_word' id='word_1_369' title='bbox 3552 4072 3771 4140; x_wconf 87' lang='lat' dir='ltr'><strong>multis</strong></span> <span class='ocrx_word' id='word_1_370' title='bbox 3828 4072 4184 4161; x_wconf 86' lang='lat' dir='ltr'><strong>magnique</strong></span> 
     </span>
     <span class='ocr_line' id='line_1_32' title="bbox 814 4184 4183 4275; baseline -0 -24"><span class='ocrx_word' id='word_1_371' title='bbox 814 4186 1128 4252; x_wconf 88' lang='lat' dir='ltr'><strong>momenti</strong></span> <span class='ocrx_word' id='word_1_372' title='bbox 1168 4209 1386 4253; x_wconf 90' lang='lat' dir='ltr'><strong>rerum</strong></span> <span class='ocrx_word' id='word_1_373' title='bbox 1429 4187 1848 4275; x_wconf 86' lang='lat' dir='ltr'><strong>scriptoribus</strong></span> <span class='ocrx_word' id='word_1_374' title='bbox 1891 4186 2011 4253; x_wconf 89' lang='lat' dir='ltr'><strong>has</strong></span> <span class='ocrx_word' id='word_1_375' title='bbox 2051 4187 2364 4275; x_wconf 89' lang='lat' dir='ltr'><strong>epistolas</strong></span> <span class='ocrx_word' id='word_1_376' title='bbox 2406 4187 2723 4275; x_wconf 86' lang='lat' dir='ltr'><strong>genuinas</strong></span> <span class='ocrx_word' id='word_1_377' title='bbox 2764 4188 3023 4271; x_wconf 90' lang='lat' dir='ltr'><strong>haberi,</strong></span> <span class='ocrx_word' id='word_1_378' title='bbox 3082 4208 3282 4274; x_wconf 88' lang='lat' dir='ltr'><strong>quum</strong></span> <span class='ocrx_word' id='word_1_379' title='bbox 3335 4184 3546 4252; x_wconf 86' lang='lat' dir='ltr'><strong>minus</strong></span> <span class='ocrx_word' id='word_1_380' title='bbox 3604 4207 3685 4250; x_wconf 84' lang='lat' dir='ltr'><strong>ex</strong></span> <span class='ocrx_word' id='word_1_381' title='bbox 3724 4184 3941 4251; x_wconf 77' lang='lat' dir='ltr'><strong>verbis</strong></span> <span class='ocrx_word' id='word_1_382' title='bbox 3986 4208 4183 4273; x_wconf 87' lang='lat' dir='ltr'><strong>quam</strong></span> 
     </span>
     <span class='ocr_line' id='line_1_33' title="bbox 817 4294 4183 4388; baseline -0.001 -23"><span class='ocrx_word' id='word_1_383' title='bbox 817 4320 899 4365; x_wconf 84' lang='lat' dir='ltr'><strong>ex</strong></span> <span class='ocrx_word' id='word_1_384' title='bbox 939 4300 1162 4383; x_wconf 87' lang='lat' dir='ltr'><strong>rebus,</strong></span> <span class='ocrx_word' id='word_1_385' title='bbox 1207 4322 1368 4387; x_wconf 89' lang='lat' dir='ltr'><strong>quas</strong></span> <span class='ocrx_word' id='word_1_386' title='bbox 1410 4300 1686 4383; x_wconf 85' lang='lat' dir='ltr'><strong>habent,</strong></span> <span class='ocrx_word' id='word_1_387' title='bbox 1746 4298 2226 4366; x_wconf 85' lang='lat' dir='ltr'><strong>evidentissime</strong></span> <span class='ocrx_word' id='word_1_388' title='bbox 2271 4297 2697 4366; x_wconf 89' lang='lat' dir='ltr'><strong>demonstrari</strong></span> <span class='ocrx_word' id='word_1_389' title='bbox 2751 4321 2941 4388; x_wconf 86' lang='lat' dir='ltr'><strong>posse</strong></span> <span class='ocrx_word' id='word_1_390' title='bbox 2995 4296 3155 4364; x_wconf 88' lang='lat' dir='ltr'><strong>mihi</strong></span> <span class='ocrx_word' id='word_1_391' title='bbox 3206 4297 3533 4380; x_wconf 84' lang='lat' dir='ltr'><strong>videatur,</strong></span> <span class='ocrx_word' id='word_1_392' title='bbox 3591 4320 3701 4363; x_wconf 89' lang='lat' dir='ltr'><strong>eas</strong></span> <span class='ocrx_word' id='word_1_393' title='bbox 3757 4321 3797 4363; x_wconf 89' lang='lat' dir='ltr'><strong>a</strong></span> <span class='ocrx_word' id='word_1_394' title='bbox 3840 4294 4183 4365; x_wconf 78' lang='lat' dir='ltr'><strong>Corneliae</strong></span> 
     </span>
     <span class='ocr_line' id='line_1_34' title="bbox 814 4409 4183 4500; baseline -0.001 -23"><span class='ocrx_word' id='word_1_395' title='bbox 814 4410 1066 4477; x_wconf 87' lang='lat' dir='ltr'><strong>iudiciis</strong></span> <span class='ocrx_word' id='word_1_396' title='bbox 1104 4421 1170 4477; x_wconf 84' lang='lat' dir='ltr'><strong>et</strong></span> <span class='ocrx_word' id='word_1_397' title='bbox 1211 4412 1546 4479; x_wconf 87' lang='lat' dir='ltr'><strong>sententiis</strong></span> <span class='ocrx_word' id='word_1_398' title='bbox 1587 4413 1823 4479; x_wconf 88' lang='lat' dir='ltr'><strong>mirum</strong></span> <span class='ocrx_word' id='word_1_399' title='bbox 1867 4420 2180 4500; x_wconf 89' lang='lat' dir='ltr'><strong>quantum</strong></span> <span class='ocrx_word' id='word_1_400' title='bbox 2224 4412 2591 4479; x_wconf 88' lang='lat' dir='ltr'><strong>abhorrere.</strong></span> <span class='ocrx_word' id='word_1_401' title='bbox 2718 4411 2798 4475; x_wconf 85' lang='lat' dir='ltr'><strong>In</strong></span> <span class='ocrx_word' id='word_1_402' title='bbox 2842 4411 3030 4477; x_wconf 85' lang='lat' dir='ltr'><strong>huius</strong></span> <span class='ocrx_word' id='word_1_403' title='bbox 3074 4418 3291 4475; x_wconf 85' lang='lat' dir='ltr'><strong>autem</strong></span> <span class='ocrx_word' id='word_1_404' title='bbox 3332 4410 3559 4475; x_wconf 87' lang='lat' dir='ltr'><strong>matris</strong></span> <span class='ocrx_word' id='word_1_405' title='bbox 3615 4410 3861 4497; x_wconf 85' lang='lat' dir='ltr'><strong>gremio</strong></span> <span class='ocrx_word' id='word_1_406' title='bbox 3922 4433 3998 4475; x_wconf 91' lang='lat' dir='ltr'><strong>ac</strong></span> <span class='ocrx_word' id='word_1_407' title='bbox 4040 4409 4183 4475; x_wconf 85' lang='lat' dir='ltr'><strong>sinu</strong></span> 
     </span>
     <span class='ocr_line' id='line_1_35' title="bbox 817 4515 4179 4612; baseline -0.001 -23"><span class='ocrx_word' id='word_1_408' title='bbox 817 4515 1073 4590; x_wconf 87' lang='lat' dir='ltr'><strong>educati</strong></span> <span class='ocrx_word' id='word_1_409' title='bbox 1130 4533 1280 4590; x_wconf 92' lang='lat' dir='ltr'><strong>sunt</strong></span> <span class='ocrx_word' id='word_1_410' title='bbox 1320 4524 1538 4612; x_wconf 87' lang='lat' dir='ltr'><strong>pueri,</strong></span> <span class='ocrx_word' id='word_1_411' title='bbox 1615 4533 1690 4591; x_wconf 87' lang='lat' dir='ltr'><strong>ut</strong></span> <span class='ocrx_word' id='word_1_412' title='bbox 1732 4524 2010 4612; x_wconf 86' lang='lat' dir='ltr'><strong>legimus</strong></span> <span class='ocrx_word' id='word_1_413' title='bbox 2051 4525 2120 4590; x_wconf 91' lang='lat' dir='ltr'><strong>in</strong></span> <span class='ocrx_word' id='word_1_414' title='bbox 2164 4524 2373 4591; x_wconf 83' lang='lat' dir='ltr'><strong>Tacit.</strong></span> <span class='ocrx_word' id='word_1_415' title='bbox 2420 4524 2571 4590; x_wconf 88' lang='lat' dir='ltr'><strong>dial.</strong></span> <span class='ocrx_word' id='word_1_416' title='bbox 2615 4522 2699 4589; x_wconf 78' lang='lat' dir='ltr'><strong>de</strong></span> <span class='ocrx_word' id='word_1_417' title='bbox 2741 4534 2903 4589; x_wconf 89' lang='lat' dir='ltr'><strong>orat.</strong></span> <span class='ocrx_word' id='word_1_418' title='bbox 2966 4524 3049 4588; x_wconf 86' lang='lat'><strong>28</strong></span> <span class='ocrx_word' id='word_1_419' title='bbox 3093 4532 3159 4587; x_wconf 89' lang='lat' dir='ltr'><strong>et</strong></span> <span class='ocrx_word' id='word_1_420' title='bbox 3210 4522 3277 4587; x_wconf 90' lang='lat' dir='ltr'><strong>in</strong></span> <span class='ocrx_word' id='word_1_421' title='bbox 3334 4520 3544 4588; x_wconf 85' lang='lat' dir='ltr'><strong>Cicer.</strong></span> <span class='ocrx_word' id='word_1_422' title='bbox 3588 4521 3794 4592; x_wconf 87' lang='lat' dir='ltr'><strong>Bruto</strong></span> <span class='ocrx_word' id='word_1_423' title='bbox 3855 4522 3971 4604; x_wconf 83' lang='lat'><strong>68,</strong></span> <span class='ocrx_word' id='word_1_424' title='bbox 4026 4520 4179 4606; x_wconf 82' lang='lat'>2113</span> 
     </span>
     <span class='ocr_line' id='line_1_36' title="bbox 817 4616 4181 4725; baseline -0.001 -25"><span class='ocrx_word' id='word_1_425' title='bbox 817 4634 929 4723; x_wconf 91' lang='lat' dir='ltr'><strong>qui</strong></span> <span class='ocrx_word' id='word_1_426' title='bbox 972 4633 1307 4701; x_wconf 84' lang='lat' dir='ltr'><strong>Gracchos</strong></span> <span class='ocrx_word' id='word_1_427' title='bbox 1349 4636 1516 4702; x_wconf 86' lang='lat' dir='ltr'><strong>filios</strong></span> <span class='ocrx_word' id='word_1_428' title='bbox 1559 4616 1704 4702; x_wconf 54' lang='lat' dir='ltr'><strong>non⁸</strong></span> <span class='ocrx_word' id='word_1_429' title='bbox 1733 4646 1868 4702; x_wconf 89' lang='lat' dir='ltr'><strong>tam</strong></span> <span class='ocrx_word' id='word_1_430' title='bbox 1907 4636 1975 4702; x_wconf 91' lang='lat' dir='ltr'><strong>in</strong></span> <span class='ocrx_word' id='word_1_431' title='bbox 2020 4638 2266 4725; x_wconf 83' lang='lat' dir='ltr'><strong>gremio</strong></span> <span class='ocrx_word' id='word_1_432' title='bbox 2311 4638 2617 4704; x_wconf 89' lang='lat' dir='ltr'><strong>educatos</strong></span> <span class='ocrx_word' id='word_1_433' title='bbox 2661 4659 2855 4724; x_wconf 89' lang='lat' dir='ltr'><strong>quam</strong></span> <span class='ocrx_word' id='word_1_434' title='bbox 2898 4636 2965 4700; x_wconf 89' lang='lat' dir='ltr'><strong>in</strong></span> <span class='ocrx_word' id='word_1_435' title='bbox 3022 4658 3321 4701; x_wconf 88' lang='lat' dir='ltr'><strong>sermone</strong></span> <span class='ocrx_word' id='word_1_436' title='bbox 3382 4635 3605 4700; x_wconf 88' lang='lat' dir='ltr'><strong>matris</strong></span> <span class='ocrx_word' id='word_1_437' title='bbox 3670 4633 3842 4701; x_wconf 87' lang='lat' dir='ltr'><strong>dicit.</strong></span> <span class='ocrx_word' id='word_1_438' title='bbox 3928 4630 4181 4699; x_wconf 83' lang='lat' dir='ltr'><strong>Scimus</strong></span> 
     </span>
     <span class='ocr_line' id='line_1_37' title="bbox 815 4744 4180 4837; baseline 0 -25"><span class='ocrx_word' id='word_1_439' title='bbox 815 4744 986 4813; x_wconf 90' lang='lat' dir='ltr'><strong>enim</strong></span> <span class='ocrx_word' id='word_1_440' title='bbox 1031 4745 1402 4815; x_wconf 89' lang='lat' dir='ltr'><strong>Corneliam</strong></span> <span class='ocrx_word' id='word_1_441' title='bbox 1457 4772 1656 4814; x_wconf 88' lang='lat' dir='ltr'><strong>unam</strong></span> <span class='ocrx_word' id='word_1_442' title='bbox 1712 4750 1992 4816; x_wconf 82' lang='lat' dir='ltr'><strong>maxime</strong></span> <span class='ocrx_word' id='word_1_443' title='bbox 2045 4750 2358 4816; x_wconf 84' lang='lat' dir='ltr'><strong>sermonis</strong></span> <span class='ocrx_word' id='word_1_444' title='bbox 2402 4749 2729 4837; x_wconf 80' lang='lat' dir='ltr'><strong>elegantia</strong></span> <span class='ocrx_word' id='word_1_445' title='bbox 2780 4758 2849 4813; x_wconf 88' lang='lat' dir='ltr'><strong>et</strong></span> <span class='ocrx_word' id='word_1_446' title='bbox 2900 4756 3240 4814; x_wconf 81' lang='lat' dir='ltr'><strong>venustate</strong></span> <span class='ocrx_word' id='word_1_447' title='bbox 3296 4748 3709 4831; x_wconf 83' lang='lat' dir='ltr'><strong>excelluisse3</strong></span> <span class='ocrx_word' id='word_1_448' title='bbox 3769 4746 3917 4812; x_wconf 85' lang='lat' dir='ltr'><strong>vide</strong></span> <span class='ocrx_word' id='word_1_449' title='bbox 3961 4744 4180 4825; x_wconf 84' lang='lat' dir='ltr'><strong>Quint.</strong></span> 
     </span>
     <span class='ocr_line' id='line_1_38' title="bbox 817 4856 4182 4949; baseline -0.001 -25"><span class='ocrx_word' id='word_1_450' title='bbox 817 4858 898 4925; x_wconf 82' lang='lat' dir='ltr'><strong>de</strong></span> <span class='ocrx_word' id='word_1_451' title='bbox 953 4860 1102 4925; x_wconf 89' lang='lat' dir='ltr'><strong>inst.</strong></span> <span class='ocrx_word' id='word_1_452' title='bbox 1161 4870 1321 4927; x_wconf 91' lang='lat' dir='ltr'><strong>orat.</strong></span> <span class='ocrx_word' id='word_1_453' title='bbox 1367 4860 1437 4944; x_wconf 90' lang='lat'><strong>1,</strong></span> <span class='ocrx_word' id='word_1_454' title='bbox 1503 4866 1567 4927; x_wconf 84' lang='lat'><strong>1:</strong></span> <span class='ocrx_word' id='word_1_455' title='bbox 1657 4860 2102 4928; x_wconf 87' lang='lat' dir='ltr'><strong>Gracchorum</strong></span> <span class='ocrx_word' id='word_1_456' title='bbox 2168 4862 2575 4949; x_wconf 89' lang='lat' dir='ltr'><strong>eloquentiae</strong></span> <span class='ocrx_word' id='word_1_457' title='bbox 2644 4862 2919 4926; x_wconf 86' lang='lat' dir='ltr'><strong>multum</strong></span> <span class='ocrx_word' id='word_1_458' title='bbox 2982 4860 3335 4926; x_wconf 88' lang='lat' dir='ltr'><strong>contulisse</strong></span> <span class='ocrx_word' id='word_1_459' title='bbox 3390 4860 3753 4949; x_wconf 88' lang='lat' dir='ltr'><strong>accepimus</strong></span> <span class='ocrx_word' id='word_1_460' title='bbox 3809 4856 4182 4925; x_wconf 86' lang='lat' dir='ltr'><strong>Corneliam</strong></span> 
     </span>
     <span class='ocr_line' id='line_1_39' title="bbox 811 4970 4181 5063; baseline -0.001 -26"><span class='ocrx_word' id='word_1_461' title='bbox 811 4982 1119 5055; x_wconf 86' lang='lat' dir='ltr'><strong>matrem,</strong></span> <span class='ocrx_word' id='word_1_462' title='bbox 1179 4972 1360 5039; x_wconf 87' lang='lat' dir='ltr'><strong>cuius</strong></span> <span class='ocrx_word' id='word_1_463' title='bbox 1405 4972 1810 5042; x_wconf 87' lang='lat' dir='ltr'><strong>doctissimus</strong></span> <span class='ocrx_word' id='word_1_464' title='bbox 1855 4998 2066 5045; x_wconf 86' lang='lat' dir='ltr'><strong>sermo</strong></span> <span class='ocrx_word' id='word_1_465' title='bbox 2107 4975 2176 5041; x_wconf 87' lang='lat' dir='ltr'><strong>in</strong></span> <span class='ocrx_word' id='word_1_466' title='bbox 2217 4984 2511 5063; x_wconf 85' lang='lat' dir='ltr'><strong>posteros</strong></span> <span class='ocrx_word' id='word_1_467' title='bbox 2556 4996 2815 5063; x_wconf 87' lang='lat' dir='ltr'><strong>quoque</strong></span> <span class='ocrx_word' id='word_1_468' title='bbox 2858 4981 2956 5039; x_wconf 84' lang='lat' dir='ltr'><strong>est</strong></span> <span class='ocrx_word' id='word_1_469' title='bbox 2997 4972 3286 5062; x_wconf 81' lang='lat' dir='ltr'><strong>epistolis</strong></span> <span class='ocrx_word' id='word_1_470' title='bbox 3326 4971 3625 5039; x_wconf 85' lang='lat' dir='ltr'><strong>traditus.</strong></span> <span class='ocrx_word' id='word_1_471' title='bbox 3754 4970 3927 5037; x_wconf 87' lang='lat' dir='ltr'><strong>Tota</strong></span> <span class='ocrx_word' id='word_1_472' title='bbox 3966 4976 4181 5035; x_wconf 76' lang='lat' dir='ltr'><strong>autem</strong></span> 
     </span>
     <span class='ocr_line' id='line_1_40' title="bbox 809 5081 4181 5175; baseline -0.002 -24"><span class='ocrx_word' id='word_1_473' title='bbox 809 5081 1192 5174; x_wconf 78' lang='lat' dir='ltr'><strong>Scipionum</strong></span> <span class='ocrx_word' id='word_1_474' title='bbox 1246 5108 1410 5173; x_wconf 84' lang='lat' dir='ltr'><strong>gens</strong></span> <span class='ocrx_word' id='word_1_475' title='bbox 1475 5096 1544 5151; x_wconf 86' lang='lat' dir='ltr'><strong>et</strong></span> <span class='ocrx_word' id='word_1_476' title='bbox 1595 5085 1738 5174; x_wconf 90' lang='lat' dir='ltr'><strong>ipsa</strong></span> <span class='ocrx_word' id='word_1_477' title='bbox 1793 5085 2102 5154; x_wconf 88' lang='lat' dir='ltr'><strong>Cornelia</strong></span> <span class='ocrx_word' id='word_1_478' title='bbox 2173 5110 2371 5175; x_wconf 85' lang='lat' dir='ltr'><strong>quum</strong></span> <span class='ocrx_word' id='word_1_479' title='bbox 2427 5086 2628 5153; x_wconf 86' lang='lat' dir='ltr'><strong>literis</strong></span> <span class='ocrx_word' id='word_1_480' title='bbox 2686 5084 2957 5153; x_wconf 78' lang='lat' dir='ltr'><strong>Graecis</strong></span> <span class='ocrx_word' id='word_1_481' title='bbox 3015 5085 3275 5173; x_wconf 85' lang='lat' dir='ltr'><strong>penitus</strong></span> <span class='ocrx_word' id='word_1_482' title='bbox 3336 5096 3509 5152; x_wconf 83' lang='lat' dir='ltr'><strong>esset</strong></span> <span class='ocrx_word' id='word_1_483' title='bbox 3556 5084 3836 5167; x_wconf 79' lang='lat' dir='ltr'><strong>imbuta,</strong></span> <span class='ocrx_word' id='word_1_484' title='bbox 3909 5090 4181 5147; x_wconf 85' lang='lat' dir='ltr'><strong>matrem</strong></span> 
     </span>
    </p>
   </div>
   <div class='ocr_carea' id='block_1_3' title="bbox 4696 1737 4703 3465">
    <p class='ocr_par' dir='ltr' id='par_1_3' title="bbox 4696 1737 4703 3465">
     <span class='ocr_line' id='line_1_41' title="bbox 4696 1737 4703 3465; baseline 0 0"><span class='ocrx_word' id='word_1_485' title='bbox 4696 1737 4703 3465; x_wconf 95' lang='lat' dir='ltr'><strong> </strong></span> 
     </span>
    </p>
   </div>
  </div>
 </body>
</html>
