4706 6078
2165 624 2258 703 21

539 883 628 925 an
649 860 731 924 ab
751 855 1173 948 optimatibus
1203 855 1422 943 aliqua
1453 855 1708 922 ratione
1733 857 2111 925 conciliatus
2141 868 2208 924 et
2227 857 2565 924 adductus.
2608 853 2972 944 Appianas,
2994 853 3173 921 cuius
3196 853 3551 920 narrationi
3563 853 3911 942 plurimum

543 971 761 1038 tribuo
775 1019 795 1054 ,
861 968 944 1034 de
985 969 1138 1035 bell.
1181 968 1351 1034 civil.
1396 967 1468 1051 Ι,
1516 969 1592 1034 12
1633 965 1978 1036 Octavium
2021 969 2178 1034 dicit
2219 969 2302 1036 ad
2358 967 2881 1035 intercedendum
2941 965 3023 1032 ab
3079 964 3490 1054 optimatibus
3532 965 3913 1054 instigatum

543 1099 724 1169 esse;
777 1086 904 1151 hoc
943 1091 1145 1169 auget
1184 1081 1380 1146 etiam
1423 1079 1844 1166 Plutarchus3
1896 1092 2123 1148 narrat
2163 1081 2334 1148 enim
2380 1078 2725 1148 Octavium
2768 1078 2977 1168 primo
3022 1077 3339 1144 amicitiae
3380 1099 3511 1165 qus
3550 1087 3723 1144 esset
3764 1097 3911 1146 oum

548 1194 818 1263 Tiberio
895 1194 1275 1260 coniunctus
1313 1193 1632 1259 rationem
1674 1192 2018 1258 habentem
2059 1193 2467 1282 optimatium
2511 1216 2733 1283 preces
2777 1200 3188 1282 aspernatum
3230 1213 3405 1276 esse;
3489 1211 3633 1256 cum
3698 1199 3911 1258 autem

545 1319 654 1375 tot
703 1317 770 1373 et
814 1316 949 1372 tam
993 1329 1228 1394 graves
1267 1305 1392 1372 viri
1432 1313 1744 1392 urgerent
1783 1316 1852 1370 et
1887 1306 2204 1372 instarent
2221 1357 2241 1390 ,
2303 1329 2451 1372 eum
2492 1317 2823 1372 verentem
2866 1305 3315 1369 auctoritatem
3356 1325 3575 1370 eorum
3619 1302 3916 1390 precibus

543 1419 962 1488 satisfecisse.
1085 1417 1346 1483 Nullius
1402 1439 1665 1504 prorsus
1737 1418 2046 1482 momenti
2098 1428 2174 1484 ut
2217 1418 2359 1482 aliis
2414 1417 2573 1483 locis
2631 1418 2721 1482 ita
2774 1417 2841 1482 in
2898 1416 3020 1480 hac
3075 1437 3334 1503 quoque
3398 1437 3468 1482 re
3523 1413 3759 1479 Dionis
3814 1424 3913 1480 est

543 1531 928 1609 auctoritas3
995 1531 1050 1596 is
1109 1530 1282 1596 enim
1325 1529 1524 1595 tradit
1565 1527 1910 1596 Octavium
1951 1531 2036 1596 ob
2081 1531 2580 1597 aemulationem
2620 1549 2705 1594 ex
2744 1529 3225 1617 propinquitate
3264 1527 3523 1614 generis
3566 1527 3910 1594 conflatam

543 1645 808 1713 Tiberio
847 1666 919 1710 se
961 1642 1362 1732 opposuisse.
1446 1641 1819 1729 Utrumque
1857 1663 2062 1730 prava
2101 1643 2517 1708 contentione
2556 1641 2766 1728 magis
2808 1650 2881 1705 ut
2922 1641 3245 1707 aemulum
3287 1649 3651 1729 superaret,
3712 1663 3911 1728 quam

545 1768 622 1824 ut
658 1756 1001 1846 prodesset
1040 1754 1437 1844 reipublicae
1479 1753 1730 1819 enisum
1773 1776 1944 1839 esse3
1989 1755 2265 1821 alterum
2307 1755 2509 1820 altero
2553 1752 2893 1819 violentius
2938 1752 3180 1838 egisse,
3222 1761 3297 1818 ut
3334 1761 3565 1818 neuter
3608 1752 3795 1818 alteri
3834 1752 3906 1818 in

543 1871 680 1936 ulla
719 1891 792 1936 re
835 1867 1112 1934 cederet.
1195 1865 1382 1932 Haec
1437 1864 1698 1954 quidem
1751 1866 1951 1931 verba
1994 1888 2035 1930 a
2071 1888 2228 1932 vero
2269 1867 2469 1956 plane
2508 1865 2853 1932 abhorrere
2893 1887 3027 1930 non
3070 1873 3167 1930 est
3210 1864 3383 1952 quod
3436 1864 3654 1931 multis
3695 1864 3911 1930 verbis

546 1981 1076 2048 demonstremus.

791 2093 1064 2159 Veteres
1107 2091 1282 2180 ipsos
1319 2091 1695 2179 scriptores,
1763 2111 2038 2179 quorum
2080 2089 2343 2178 plurimi
2382 2087 2789 2178 optimatium
2830 2110 3063 2154 causae
3107 2088 3357 2172 favent,
3421 2086 3677 2154 Octavii
3716 2088 3909 2154 inter-

545 2206 906 2272 cessionem
949 2225 1078 2270 non
1121 2203 1314 2268 modo
1355 2203 1668 2292 probasse
1707 2200 1825 2268 sed
1868 2202 2134 2268 summis
2173 2201 2474 2267 laudibus
2530 2200 2865 2283 extulisse,
2944 2200 3206 2266 minime
3257 2209 3357 2265 est
3408 2199 3677 2285 mirum3
3762 2199 3910 2266 vide

543 2318 782 2384 Vellei.
825 2317 1083 2383 Patere.
1143 2314 1252 2399 II,
1295 2317 1371 2381 2:
1453 2312 1726 2380 Octavio
1783 2314 2078 2402 collegae
2117 2337 2236 2402 pro
2280 2314 2489 2378 bono
2545 2311 2885 2402 publico
2930 2311 3128 2378 stanti
3168 2313 3505 2400 imperium
3546 2312 3909 2401 abrogavit.

543 2430 628 2496 In
671 2430 816 2495 Liv.
863 2451 963 2514 ep.
1009 2429 1092 2494 58
1140 2428 1301 2493 nihil
1344 2427 1624 2514 legimus
1679 2426 1806 2491 nisi
1849 2425 2192 2492 Octavium
2251 2446 2511 2492 causam
2568 2424 2861 2490 diversae
2916 2425 3117 2512 partis
3171 2423 3551 2491 defendisse.
3636 2425 3909 2490 Momm-

541 2564 658 2608 sen
702 2541 856 2606 hist.
887 2540 1084 2606 Rom.
1129 2539 1238 2622 ΙΙ,
1294 2541 1368 2603 81
1417 2538 1566 2604 ideo
1609 2536 1954 2606 Octavium
1997 2538 2247 2605 Tiberii
2300 2538 2435 2625 legi
2490 2537 2927 2604 intercessisse
2966 2535 3149 2618 dicit,
3236 2536 3410 2624 quod
3452 2534 3805 2602 certissime
3850 2537 3909 2602 ei

539 2675 920 2743 persuasum
941 2664 1114 2718 esset
1141 2675 1286 2718 eam
1309 2651 1706 2738 reipublicae
1731 2650 2160 2738 perniciosam
2179 2652 2355 2735 fore;
2408 2649 2582 2716 unde
2623 2650 2747 2716 hoc
2774 2672 2893 2737 pro
2922 2672 3075 2716 vero
3099 2649 3378 2716 contend
3406 2648 3641 2739 ipossit
3666 2649 3906 2716 nescio.

789 2764 1168 2830 Intercessit
1247 2763 1451 2851 igitur
1514 2761 1858 2845 Octavius,
1949 2763 2439 2851 quibuscunque
2499 2763 2709 2828 causis
2773 2761 3151 2828 intercessit.
3278 2759 3447 2828 Cum
3507 2771 3722 2828 autem
3782 2764 3907 2846 lex,

549 2877 808 2942 etiamsi
851 2877 1048 2943 ceteri
1091 2876 1331 2942 tribuni
1377 2897 1598 2942 omnes
1641 2875 2150 2960 consentiebant,
2193 2898 2324 2942 uno
2366 2873 2801 2940 intercedente
2841 2873 3110 2963 perferri
3154 2897 3283 2939 non
3326 2883 3565 2964 posset,
3609 2873 3909 2942 Tiberius

541 2989 850 3079 precibus
892 2988 1050 3057 adiit
1091 2989 1410 3078 collegam
1457 2997 1530 3055 ut
1571 2987 1652 3053 ab
1693 2987 2151 3055 intercessione
2209 2987 2563 3054 desisteret.
2646 2985 2796 3054 Hoc
2850 2987 2993 3053 loco
3036 2985 3420 3053 Plutarchus
3466 2995 3531 3052 et
3569 2987 3911 3078 Appianus

545 3101 743 3168 valde
785 3102 956 3168 inter
997 3126 1068 3168 se
1110 3102 1434 3167 differunt.
1518 3100 1906 3166 Plutarchus
1962 3100 2130 3166 enim
2187 3099 2390 3167 tradit
2432 3099 2764 3167 Tiberium
2824 3100 3111 3187 collegae
3154 3098 3611 3166 intercessione
3654 3120 3909 3168 exacer-

550 3214 779 3280 batum
821 3215 1172 3281 humanam
1225 3214 1404 3279 illam
1461 3213 1676 3300 legem
1691 3262 1710 3296 ,
1765 3236 1894 3301 qua
1937 3212 2206 3279 divitum
2245 3212 2606 3279 rationibus
2646 3232 2777 3277 non
2818 3211 3230 3278 mediocriter
3270 3214 3667 3297 consuleret,
3726 3235 3910 3279 revo-

538 3350 722 3395 casse
757 3338 825 3395 et
867 3328 1060 3393 aliam
1106 3326 1418 3393 acriorem
1461 3334 1527 3390 et
1565 3325 1963 3391 multitudini
2005 3326 2357 3413 gratiorem
2397 3324 2643 3391 tulisse.
2701 3324 2847 3389 Hac
2890 3322 3001 3412 qui
3044 3346 3275 3411 agrum
3315 3324 3642 3412 publicum
3684 3336 3915 3393 contra

535 3439 720 3527 leges
783 3439 1188 3529 possiderent
1241 3460 1320 3504 eo
1378 3436 1688 3504 decedere
1747 3437 1905 3503 iussi
1961 3448 2114 3503 sunt
2177 3438 2703 3526 compensatione
2755 3458 2886 3502 non
2944 3446 3227 3524 accepta.
3312 3435 3571 3503 Deinde
3632 3438 3909 3526 singulis

543 3551 690 3618 fere
747 3550 975 3619 diebus
1031 3552 1202 3617 inter
1255 3560 1602 3638 utrumque
1655 3549 1986 3615 tribunum
2041 3572 2159 3640 pro
2227 3551 2455 3617 rostris
2517 3550 2870 3616 certamina
2930 3558 3227 3615 conserta
3288 3570 3463 3632 esse,
3546 3550 3614 3615 in
3672 3552 3909 3638 quibus

543 3684 802 3731 summo
848 3688 994 3731 cum
1035 3664 1248 3730 sinidio
1293 3673 1358 3729 et
1413 3661 1847 3728 aemulatione
1885 3662 2012 3728 sibi
2053 3663 2446 3746 resisterent,
2491 3663 2583 3728 ita
2636 3672 2854 3728 tamen
2876 3710 2895 3744 ,
2978 3672 3053 3726 ut
3092 3660 3393 3727 conviciis
3436 3673 3506 3727 et
3542 3663 3909 3730 maledictis

544 3800 800 3865 semper
867 3776 1269 3842 abstinerent
1325 3784 1390 3839 et
1446 3776 1648 3840 solam
1707 3796 1968 3839 causam
2023 3784 2411 3863 spectarent.
2537 3774 2773 3863 Longe
2829 3773 3013 3839 aliter
3064 3774 3405 3862 Appianas
3464 3796 3599 3840 rem
3664 3785 3906 3859 narrat,

537 3889 720 3955 cuius
763 3888 1026 3977 quidem
1069 3887 1216 3953 ideo
1258 3886 1418 3952 mihi
1456 3886 1886 3975 praeferenda
1921 3886 2178 3953 videtur
2217 3888 2502 3954 narratio
2546 3910 2719 3969 esse,
2784 3886 2937 3975 quia.
2990 3884 3192 3950 multo
3236 3884 3569 3951 clariorem
3612 3885 3802 3953 nobis
3842 3897 3911 3953 et

539 4000 873 4066 fortiorem
934 4000 1182 4067 Tiberii
1231 3998 1501 4088 praebet
1555 3998 1926 4087 imaginem.
2011 3998 2242 4065 Prodit
2292 4009 2505 4065 autem
2559 3999 2899 4089 Appianus
2957 3997 3287 4064 Tiberium
3350 3998 3641 4084 collegae
3702 3999 3907 4065 inter·-

537 4114 832 4179 cessione
875 4136 916 4178 a
954 4113 1104 4200 lege
1145 4111 1415 4177 ferenda
1450 4110 1848 4200 prohibitum
1889 4134 2091 4199 quum
2133 4111 2338 4178 multa
2380 4110 2443 4177 ei
2484 4113 2937 4201 exprobrasset
2994 4133 3131 4175 rem
3172 4109 3241 4175 in
3288 4110 3587 4199 proxima
3647 4110 3907 4178 comitia

541 4225 892 4291 distulisse.
980 4222 1408 4290 Comitiorutn
1446 4221 1588 4288 dies
1631 4246 1776 4289 cum
1819 4223 2132 4307 venisset,
2219 4223 2555 4290 Tiberium
2612 4224 2769 4291 satis
2808 4224 2993 4289 firmo
3036 4220 3355 4313 praesidio
3396 4222 3734 4307 munitum,
3778 4246 3907 4312 quo

543 4335 894 4403 Octavium
959 4346 1026 4402 et
1089 4336 1362 4402 invitum
1419 4335 1502 4401 ad
1557 4334 1912 4401 cedendum
1985 4346 2249 4423 cogeret
2265 4386 2284 4419 ,
2368 4334 2647 4403 scribam
2716 4336 2931 4423 legem
2996 4336 3265 4401 recitare
3328 4335 3611 4401 iussisse.
3736 4334 3906 4403 Cum

539 4460 758 4516 autem
801 4447 1114 4516 Octavius
1165 4449 1402 4515 iterum
1456 4447 1886 4513 intercederet
1923 4458 1994 4513 et
2029 4448 2236 4513 multa
2289 4448 2413 4513 sibi
2466 4448 2743 4514 invicem
2813 4446 3289 4537 congessissent
3348 4446 3637 4513 convicia
3652 4497 3670 4530 ,
3732 4450 3904 4535 prin·

537 4564 712 4652 cipes
753 4562 928 4628 viros
969 4560 1486 4627 discordantibus
1527 4560 1802 4626 tribunis
1845 4562 2146 4643 suasisse,
2187 4571 2262 4627 ut
2303 4583 2443 4626 rem
2488 4560 2568 4625 ad
2610 4571 2871 4627 senatus
2915 4560 3251 4626 arbitrium
3292 4558 3631 4626 deferrent.
3692 4560 3905 4639 Quam

535 4673 968 4740 conditionem
1014 4696 1214 4763 quum
1255 4672 1587 4756 Tiberius,
1671 4672 1786 4761 qui
1844 4672 2032 4738 bonis
2087 4671 2352 4761 quidem
2409 4672 2565 4739 viris
2610 4675 2823 4762 legem
2866 4696 3047 4739 suam
3088 4673 3429 4760 probatum
3472 4672 3550 4737 iri
3592 4684 3901 4762 speraret,

534 4786 914 4874 accepisset,
978 4785 1046 4852 in
1089 4784 1332 4852 curiam
1375 4808 1487 4852 eos
1525 4785 1799 4851 venisse.
1887 4784 1992 4851 lbi
2033 4804 2234 4875 quum
2278 4784 2581 4852 Tiberius
2624 4787 2707 4852 ab
2752 4784 3196 4874 optimatibus,
3262 4784 3373 4873 qui
3412 4802 3499 4850 ne
3538 4786 3905 4873 cogitarent

533 4896 794 4987 quidem
842 4898 946 4963 vel
985 4898 1320 4964 minimum
1365 4898 1446 4965 de
1489 4898 1621 4964 suis
1674 4896 2018 4982 decedere,
2105 4898 2380 4987 superbe
2422 4908 2489 4963 et
2530 4897 2799 4986 indigne
2840 4907 3153 4965 tractatus
3209 4906 3413 4979 esset,
3496 4898 3714 4965 furore
3756 4918 3903 4965 eum

533 5011 851 5077 exarsisse
895 5019 962 5075 et
1005 5009 1084 5075 ad
1127 5011 1600 5077 multitudinem
1645 5010 1991 5077 recurrisse
2036 5011 2310 5076 comitiis
2368 5011 2679 5101 proximis
2726 5032 2795 5077 se
2838 5020 2903 5077 et
2958 5011 3169 5098 legem
3226 5030 3408 5075 suam
3468 5010 3792 5099 agrariam
3838 5023 3905 5078 et

3132 5122 3226 5188 39
