4706 6078
846 2132 1126 2244 Novam
1183 2175 1552 2266 permultis,
1613 2199 1782 2265 quae
1835 2176 1964 2242 iam
2027 2175 2110 2242 de
2171 2175 2487 2242 Gracchis
2552 2177 2830 2264 scriptae
2893 2184 3075 2258 sunt,
3140 2174 3195 2241 si
3250 2174 3395 2263 quis
3452 2172 3787 2241 additurus
3844 2185 3943 2240 est

579 2302 1223 2379 commentationem,
1288 2297 1348 2362 ei
1401 2305 1553 2362 ante
1610 2297 1826 2362 omnia
1881 2295 2334 2385 exponendum
2398 2319 2537 2361 esse
2586 2294 2915 2376 videatur,
2980 2294 3213 2383 quibus
3268 2293 3531 2360 tandem
3588 2294 3799 2366 causis
3858 2293 3940 2358 ad

580 2527 940 2594 accesserit.
1035 2525 1234 2592 Haud
1290 2523 1676 2612 ignorabam
1718 2520 1890 2587 enim
1933 2531 1998 2587 et
2039 2521 2372 2610 superiore
2415 2530 2481 2586 et
2521 2521 2877 2586 recentiore
2920 2521 3197 2586 maxime
3242 2528 3456 2584 aetate
3500 2519 3582 2584 ab
3624 2518 3703 2584 iis
3759 2519 3939 2601 viris,

580 2662 853 2727 quorum
895 2638 1130 2704 iudicio
1172 2637 1520 2726 plurimum
1561 2634 1975 2700 tribuendum
2019 2634 2131 2717 sit,
2190 2636 2256 2699 in
2315 2643 2655 2721 utramque
2697 2643 2949 2723 partem
2992 2633 3149 2699 satis
3194 2632 3453 2721 copiose
3498 2630 3578 2696 de
3624 2629 3939 2696 Gracchis

577 2751 975 2840 disputatum
1039 2773 1201 2816 esse.
1331 2746 1515 2826 Quae
1569 2757 1633 2812 et
1690 2747 1856 2812 aliae
1898 2747 2180 2813 rationes
2224 2769 2618 2836 quamquam
2662 2769 2767 2812 me
2808 2745 2980 2812 haud
3024 2745 3431 2812 mediocriter
3474 2769 3513 2811 a
3552 2748 3814 2813 consilio
3860 2749 3941 2814 de

581 2861 896 2930 Gracchis
939 2861 1261 2928 scribendi
1305 2859 1772 2942 deterruerunt,
1815 2869 2034 2925 tamen
2079 2870 2144 2925 et
2185 2860 2327 2949 ipsa
2368 2860 2641 2925 materia
2682 2869 2747 2924 et
2786 2860 3027 2948 pietate
3073 2859 3354 2947 quadam
3393 2870 3466 2926 ut
3492 2883 3940 2948 permanerem

577 2974 644 3041 in
687 2975 953 3042 consilio
999 2974 1310 3041 adductus
1353 2995 1516 3038 sum.
1584 2973 1833 3038 Auctor
1875 2971 2045 3036 enim
2088 2971 2467 3038 scribendae
2500 2971 2689 3038 huius
2722 2970 3190 3038 dissertationis
3220 2973 3341 3039 fuit
3376 2973 3530 3037 mihi
3560 2982 3941 3063 praeceptor

575 3088 970 3172 carissimus,
1031 3086 1107 3155 G.
1164 3086 1277 3153 Fr.
1321 3085 1809 3173 Naegelsbach,
1868 3108 2058 3173 quem
2101 3086 2310 3151 virum
2370 3085 2450 3151 de
2508 3086 2907 3152 humanitate
2960 3096 3024 3151 et
3080 3086 3252 3151 omni
3308 3086 3637 3151 literarum
3698 3108 3938 3173 genere

575 3201 817 3289 optime
859 3202 1156 3267 meritum
1197 3207 1611 3288 praematura
1651 3207 1860 3263 morte
1916 3198 2101 3263 bonis
2146 3198 2346 3264 literis
2391 3209 2458 3265 et
2498 3198 2748 3288 patriae
2790 3208 3079 3287 ereptum
3122 3221 3264 3264 esse
3306 3222 3453 3264 cum
3512 3221 3736 3265 omnes
3753 3248 3772 3283 ‚
3826 3200 3939 3287 qui

575 3314 682 3379 vel
723 3312 935 3378 obiter
975 3336 1122 3379 eum
1165 3320 1642 3400 cognoverunt,
1686 3320 1826 3377 tum
1868 3310 1915 3376 ii
1958 3310 2237 3376 maxime
2281 3310 2623 3395 dolebunt,
2668 3310 2780 3399 qui
2824 3311 2961 3377 eius
3000 3311 3420 3395 institutione,
3466 3311 3937 3397 benevolentia,

579 3425 1040 3491 consuetudine
1081 3424 1183 3491 usi
1223 3434 1392 3491 sunt.
1521 3421 1650 3502 Qui
1693 3447 1889 3512 quum
1931 3423 2000 3489 in
2043 3423 2296 3506 schola,
2385 3448 2579 3512 quam
2624 3424 2704 3490 de
2746 3424 3078 3513 republica
3117 3424 3419 3490 Romana
3460 3424 3714 3509 habuit,
3759 3434 3939 3514 opta-

576 3538 708 3605 bile
767 3560 909 3603 esse
965 3536 1233 3620 diceret,
1297 3539 1370 3603 ut
1413 3537 1556 3627 quis
1613 3536 1770 3625 quid
1831 3526 1981 3625 ipsi'
2005 3545 2270 3625 veteres·
2318 3536 2437 3625 deg
2458 3536 2773 3604 Gracchis
2844 3559 3196 3625 eorumque
3258 3536 3487 3603 studiis
3546 3538 3939 3605 iudicassent

580 3659 881 3715 accurata
920 3658 1212 3716 veterum
1255 3650 1528 3716 lectione
1572 3650 1762 3715 nixus
1805 3648 2016 3715 denuo
2061 3659 2443 3739 exponeret,
2506 3648 2658 3715 inde
2700 3652 2783 3716 ab
2824 3649 2937 3715 illo
2982 3660 3271 3739 tempore
3316 3649 3602 3715 animum
3645 3649 3728 3715 ad
3770 3650 3941 3716 hanc

577 3762 1020 3850 quaestionem
1064 3762 1505 3829 animadverti.
1593 3760 1824 3828 Altera
1869 3772 2084 3827 autem
2129 3762 2523 3850 exsequendi
2567 3762 2817 3828 consilii
2860 3762 2987 3828 mei
3029 3786 3224 3829 causa
3263 3762 3406 3851 ipsa
3448 3762 3572 3829 fuit
3613 3762 3937 3845 materies,

577 3898 710 3964 qua
750 3898 974 3941 eorum
1017 3874 1246 3959 animi,
1305 3876 1417 3962 qui
1459 3874 1697 3941 diutius
1740 3875 1808 3940 in
1851 3898 1932 3941 ea
1970 3875 2208 3941 versati
2251 3886 2433 3959 sunt,
2491 3874 2724 3942 mirum
2776 3876 2844 3940 in
2888 3874 3149 3942 modum
3192 3886 3698 3942 commoventur.
3787 3875 3939 3941 Huc

580 3989 879 4072 accessit,
967 3987 1142 4077 quod
1201 3986 1502 4054 videbam
1555 3986 1887 4055 doctorum
1944 3987 2276 4053 hominum
2321 3988 2401 4054 de
2450 3986 2763 4055 Gracchis
2804 3988 3041 4055 iudicia
3082 3988 3276 4054 etiam
3319 4011 3491 4054 nunc
3531 3986 3724 4054 valde
3766 3988 3938 4052 inter

579 4123 648 4167 se
691 4100 968 4167 differre.
1067 4098 1286 4179 Quum
1329 4101 1501 4167 enim
1543 4108 1692 4166 ante
1736 4099 2194 4184 Niebuhrium,
2257 4100 2641 4167 immortalis
2684 4101 3034 4167 memoriae
3076 4101 3315 4183 virum,
3375 4102 3603 4167 acerbe
3644 4099 3937 4189 plerique

576 4222 644 4279 et
683 4213 902 4300 inique
945 4210 1026 4277 de
1072 4210 1385 4279 Gracchis
1427 4211 1818 4297 iudicarent,
1883 4235 2124 4301 eosque
2169 4214 2575 4279 turbulentos
2620 4213 3048 4280 multitudinis
3092 4214 3516 4280 concitatores
3559 4212 3758 4279 fuisse
3804 4236 3936 4278 om-

575 4347 822 4413 nesque
865 4325 1154 4391 omnium
1196 4348 1299 4391 res
1341 4335 1718 4391 convertere
1761 4336 2028 4392 conatos
2072 4348 2214 4392 esse
2254 4336 2595 4416 putarent,
2663 4326 2767 4393 hic
2807 4328 3053 4415 primus
3094 4327 3194 4392 vir
3236 4326 3407 4392 clare
3450 4325 3935 4409 demonstravit,

580 4434 912 4503 Gracchos
957 4437 1216 4503 minime
1259 4437 1741 4505 confundendos
1786 4460 1928 4504 esse
1971 4462 2118 4505 cum
2161 4438 2507 4505 mobilibus
2551 4439 2678 4504 illis
2724 4448 2918 4527 atque
2962 4439 3317 4505 ambitiosis
3372 4438 3649 4505 tribunis
3706 4438 3936 4527 plebis,

579 4550 721 4637 qui,
765 4572 966 4637 quum
1010 4551 1400 4639 reipublicae
1438 4552 1645 4617 salute
1687 4552 1881 4639 plane
1923 4551 2162 4618 omissa
2204 4550 2421 4617 omnia
2463 4551 2545 4616 ad
2589 4575 2706 4618 sua
2745 4553 3061 4619 referrent
3103 4551 3470 4635 commoda,
3530 4551 3741 4641 ipsam
3787 4551 3937 4617 civi-

575 4671 781 4727 tatem
823 4663 1385 4729 vehementissime
1423 4665 1962 4752 perturbaverunt
2003 4675 2070 4731 et
2132 4674 2461 4753 postremo
2503 4662 2943 4753 perdiderunt.
3027 4663 3076 4731 J
3079 4688 3182 4729 am
3225 4672 3441 4730 autem
3484 4674 3731 4731 mutata
3771 4688 3939 4752 quae

439 4768 452 4785 ⁵
575 4784 768 4841 antea
809 4775 889 4841 de
934 4773 1248 4841 Gracchis
1289 4787 1677 4863 regnaverat
1734 4775 2092 4862 sententia,
2177 4786 2252 4843 ut
2307 4777 2375 4842 in
2434 4776 2533 4843 his
2592 4776 2787 4843 rebus
2842 4776 2981 4843 fieri
3041 4778 3319 4861 assolet,
3404 4800 3627 4843 rursus
3713 4776 3935 4843 lauda-

577 4899 754 4954 tores
813 4884 1258 4955 Gracchorum
1318 4910 1573 4955 omnem
1630 4888 1894 4955 modum
1959 4899 2406 4972 excesserunt,
2490 4889 2896 4955 consentiens
2958 4890 3093 4955 fere
3146 4900 3440 4956 veterum
3494 4890 3575 4957 de
3619 4888 3935 4956 Gracchis

575 4999 884 5067 iudicium
979 5000 1141 5065 nihil
1222 5010 1539 5068 curantes.
1679 5002 2066 5069 Recentiore
2151 5011 2362 5069 aetate
2464 5002 2847 5069 exstiterunt
2922 5003 3115 5069 etiam
3132 5052 3151 5087 ‚
3257 5003 3371 5091 qui
3384 5052 3404 5087 ,
3490 5026 3659 5092 quae
3742 5000 3935 5068 hodie

575 5112 862 5201 flagrant
901 5112 984 5179 de
1022 5115 1216 5181 rebus
1257 5114 1533 5203 publicis
1575 5116 1959 5199 certamina,
2004 5113 2087 5180 ad
2129 5114 2242 5181 illa
2283 5125 2579 5204 tempora
2620 5116 2970 5182 referentes
2991 5166 3010 5201 ‚
3051 5125 3245 5206 prout
3283 5116 3389 5181 vel
3432 5116 3621 5183 unius
3664 5116 3939 5205 imperio

3228 5220 3257 5280 1
