4706 6078
2478 577 2572 657 10

833 825 1136 906 spectans
1150 865 1170 900 ,
1229 825 1302 882 ut
1345 813 1742 883 audientium
1787 809 2036 878 animos
2073 811 2369 899 placaret
2422 821 2507 880 et.
2542 811 3049 880 misericordiam
3108 820 3431 897 moveret3
3511 811 3708 878 dictio
3766 807 3904 877 eius
3948 811 4214 898 elegans

839 929 964 996 fuit
1006 936 1074 994 et
1111 950 1295 1016 pura.
1355 925 1639 994 Omnino
1677 932 1862 990 tanta
1902 922 2026 988 fuit
2069 922 2493 990 adolescentis
2538 923 2845 991 sanctitas
2888 934 2953 990 et
2974 923 3309 1008 modestia,
3351 932 3425 990 ut
3464 923 3626 989 nihil
3670 922 3884 988 minus
3926 932 4216 989 metuen-

838 1041 992 1108 dum
1036 1062 1178 1106 esse
1218 1037 1573 1123 videretur,
1639 1034 1762 1104 nisi
1804 1044 1876 1100 ut
1924 1034 2118 1100 rebus
2159 1034 2463 1116 audacius
2522 1045 2588 1102 et
2646 1036 2913 1103 calidius
2972 1036 3176 1124 gestis
3240 1044 3307 1102 et
3354 1035 3478 1102 sibi
3518 1044 3779 1124 pararet
3820 1033 4111 1123 pericula
4148 1045 4216 1104 et

836 1152 1246 1241 perturbaret
1286 1149 1751 1239 rempublicam
1793 1147 2373 1214 vehementissime.

1086 1262 1269 1342 Quae
1311 1285 1510 1351 quum
1552 1262 1647 1327 ita
1689 1269 1937 1344 essent,
2003 1258 2306 1325 Tiberius
2360 1260 2645 1325 omnium
2688 1261 2823 1325 fere
2864 1259 3380 1326 benevolentiam
3424 1268 3489 1326 et
3532 1281 3819 1325 amorem
3863 1258 3987 1324 sibi
4027 1281 4214 1347 para-

835 1375 962 1460 vit3
1006 1385 1073 1442 et
1093 1385 1322 1464 postea
1348 1395 1608 1462 quoque
1623 1423 1643 1458 ,
1691 1395 1890 1462 quum
1931 1370 2326 1460 reipublicae
2347 1395 2542 1441 causa
2585 1373 2927 1460 optimates
2970 1381 3037 1436 et
3079 1370 3191 1459 qui
3234 1393 3457 1438 eorum
3500 1370 3861 1437 rationibus
3902 1370 4213 1436 favebant

839 1512 880 1555 a
935 1487 1199 1554 Tiberio
1245 1485 1691 1570 dissentirent,
1754 1507 2003 1572 magna
2057 1482 2403 1550 amicorum
2462 1483 2651 1573 copia
2716 1483 2828 1572 qui
2885 1483 3229 1549 amicitiam
3286 1493 3353 1549 et
3392 1483 3586 1549 fidem
3628 1482 3735 1548 vel
3776 1491 3985 1548 morte
4026 1503 4211 1570 prae·

835 1600 1138 1667 stiterunt
1193 1622 1477 1666 summas
1519 1598 1655 1664 eius
1713 1597 1986 1663 virtutes
2029 1603 2369 1662 testantur.
2473 1595 2585 1664 Sic
2624 1597 2867 1663 factum
2908 1606 3040 1680 est,
3104 1603 3179 1661 ut
3220 1618 3417 1683 quum
3460 1597 3567 1661 vix
3608 1594 3953 1684 pueritiam
3997 1617 4209 1682 egres-

841 1736 952 1779 sus
1007 1721 1178 1779 esset
1233 1711 1300 1777 in
1371 1733 1690 1799 augurum
1761 1708 2106 1794 collegium
2181 1716 2610 1796 cooptaretur.
2714 1709 2933 1774 Etiam
2988 1731 3071 1775 ex
3122 1708 3565 1792 matrimoni0‚
3642 1706 3817 1796 quod
3874 1731 4022 1774 cum
4077 1705 4211 1772 filia

837 1826 1038 1914 Appii
1082 1822 1381 1907 Claudii,
1443 1831 1702 1889 senatus
1743 1820 2088 1912 principis,
2133 1820 2310 1904 iniit,
2369 1830 2615 1909 quanta
2654 1821 2785 1886 iam
2828 1830 2963 1887 tum
3009 1821 3204 1887 fuerit
3246 1819 3711 1886 adolescentuli
3755 1820 4103 1886 auctoritas
4146 1829 4213 1885 et

836 1938 1124 2026 gravitas
1169 1945 1464 2004 accurate
1505 1934 1927 2025 perspicitur-3
1990 1931 2138 1998 vide
2197 1930 2278 1997 de
2319 1933 2443 1998 hac
2482 1957 2554 2001 re
2596 1932 2769 1999 Plut.
2812 1932 2959 1999 Tib.
2995 1935 3058 2000 4.

1084 2048 1383 2116 Sedecim
1441 2070 1648 2113 annos
1708 2057 1898 2113 natus
1954 2066 2122 2110 anuo
2165 2044 2290 2110 607
2345 2044 2645 2111 Tiberius
2704 2043 3074 2134 Scipionem
3132 2047 3197 2111 in
3240 2045 3529 2111 Africam
3574 2055 3833 2110 secutus
3878 2050 3997 2108 est.
4101 2043 4207 2110 Ibi

835 2184 970 2230 non
1011 2162 1223 2228 minus
1265 2159 1458 2227 laude
1501 2158 1734 2226 bellica
1776 2166 1842 2224 et
1880 2157 2228 2224 virtutibus
2270 2157 2655 2223 militaribus
2699 2157 2948 2240 floruit,
2992 2180 3185 2245 quam
3231 2157 3407 2223 domi
3452 2156 3824 2245 eloquentia
3866 2165 3932 2220 et
3976 2155 4207 2222 ceteris

836 2275 1015 2365 pacis
1057 2274 1438 2358 virtutibus3
1516 2271 1628 2360 qui
1685 2269 1946 2360 quidem
2003 2293 2146 2334 cum
2207 2269 2463 2335 Fannio
2526 2269 2781 2357 aequali
2848 2278 2915 2335 et
2983 2269 3285 2336 familiari
3346 2269 3591 2358 primus
3650 2268 3931 2334 hostium
3987 2291 4207 2334 muros

838 2386 1129 2455 ascendit
1184 2396 1377 2474 atque
1435 2407 1674 2450 corona
1729 2381 1962 2448 murali
2018 2381 2295 2446 donatus
2340 2389 2457 2447 est.
2542 2382 2591 2449 J
2594 2406 2697 2448 am
2740 2381 2891 2448 inde
2938 2383 3019 2448 ab
3060 2381 3171 2446 illo
3215 2391 3505 2471 tempore
3548 2403 3826 2468 magnus
3872 2390 4014 2446 erat
4069 2381 4205 2447 eius

839 2523 1019 2565 amor
1061 2522 1431 2588 magnaque
1475 2497 1554 2563 de
1597 2521 1674 2563 eo
1721 2495 1955 2562 civium
1997 2493 2415 2582 exspectatio.

1081 2611 1430 2677 Nonnullis
1501 2619 1717 2676 autem
1779 2607 1964 2675 annis
2033 2615 2183 2696 post
2247 2629 2417 2671 anno
2462 2605 2585 2671 617
2655 2628 2797 2670 cum
2855 2615 3160 2692 quaestor
3222 2617 3475 2673 creatus
3541 2613 3743 2687 esset,
3828 2604 4203 2670 Mancinum

835 2723 1163 2790 consulem
1207 2723 1275 2788 in
1318 2723 1704 2811 Hispaniam
1765 2720 1848 2787 ad
1890 2720 2134 2787 bellum
2175 2718 2647 2784 Numantinum
2702 2717 3043 2784 comitatus
3086 2728 3203 2784 est.
3310 2717 3415 2785 Ibi
3457 2741 3610 2784 vero
3653 2718 4025 2805 praeclarae
4068 2717 4203 2783 eius

832 2837 1104 2903 virtutes
1161 2835 1394 2902 mirum
1450 2844 1765 2924 quantum
1808 2833 2239 2916 effloruerint3
2314 2839 2497 2896 tanta
2539 2832 2663 2896 fuit
2716 2831 2851 2898 eius
2892 2829 3239 2919 prudentia
3284 2839 3349 2895 et
3389 2829 3739 2914 fortitud0,
3804 2839 3989 2895 tanta
4028 2853 4205 2896 reve·

836 2948 1048 3015 tentia
1100 2956 1165 3012 et
1221 2945 1573 3030 modestia,
1652 2969 1782 3034 qua
1835 2944 1940 3010 vel
1995 2943 2063 3008 in
2116 2943 2528 3026 Mancinum,
2616 2943 2903 3009 omnium
2962 2943 3197 3010 ducum
3251 2943 3699 3009 Romanorum
3754 2942 4204 3026 miserrimum,

836 3084 992 3129 usus
1037 3070 1168 3145 est,
1236 3068 1422 3126 tanta
1466 3060 1602 3125 eius
1646 3059 1839 3125 etiam
1884 3056 2054 3146 apud
2098 3057 2317 3124 hostes
2361 3057 2709 3130 auctoritas
2766 3068 2831 3123 et
2872 3057 3063 3140 fides,
3126 3067 3201 3122 ut
3242 3079 3408 3122 unus
3454 3056 3739 3121 omnium
3779 3054 3973 3121 rebus
4012 3054 4207 3142 plane

841 3172 1199 3263 desperatis
1242 3174 1515 3239 salutem
1561 3172 1839 3239 afferret.
1948 3167 2114 3235 Cum
2161 3169 2332 3234 enim
2376 3170 2693 3236 exercitus
2732 3170 3179 3236 Romanorum
3219 3169 3415 3258 plane
3460 3177 3629 3233 esset
3669 3167 3954 3233 inclusus
3998 3188 4208 3254 neque

838 3286 950 3353 via
989 3286 1217 3353 salutis
1262 3293 1659 3374 superesset,
1719 3282 1834 3351 sed
1874 3291 2050 3348 totus
2093 3281 2327 3369 viginti
2370 3280 2641 3349 millium
2686 3281 3017 3349 hominum
3064 3282 3381 3348 exercitus
3426 3290 3638 3347 certae
3680 3278 3874 3346 morti
3916 3278 4207 3345 obiectus

837 3408 1034 3481 esset,
1112 3397 1362 3464 Tiberii
1417 3420 1616 3485 opera
1680 3394 1958 3464 induciis
2014 3394 2200 3460 factis
2258 3404 2551 3460 servatus
2606 3403 2726 3459 est.
2831 3393 3162 3484 Hispanos
3218 3394 3285 3460 in
3338 3395 3478 3460 solo
3522 3392 3788 3458 Tiberio
3846 3390 4038 3457 fidem
4091 3413 4205 3478 po-

836 3511 1070 3597 suisse,
1133 3510 1284 3577 inde
1325 3508 1672 3577 verisimile
1715 3518 1844 3592 est,
1912 3505 2087 3596 quod
2129 3506 2258 3571 iam
2309 3506 2661 3573 multorum
2704 3506 3147 3573 Romanorum
3204 3504 3541 3572 infandam
3582 3502 3923 3594 perfidiam
3965 3525 4204 3589 cogno-

831 3632 1062 3691 verant
1117 3633 1182 3690 et
1227 3622 1524 3689 Tiberius
1581 3622 1720 3710 ipse
1775 3622 1950 3687 fama
2001 3618 2491 3685 florentissimus
2548 3618 2741 3685 etiam
2783 3620 2988 3708 patris
3032 3618 3376 3701 memoria,
3438 3616 3619 3683 cuius
3664 3638 3979 3682 summam
4014 3613 4204 3704 justi-

831 3736 992 3803 tiam
1034 3747 1101 3803 et
1137 3735 1332 3802 fidem
1374 3733 1656 3824 Hispani
1695 3741 2186 3820 perspexerant,
2251 3730 2443 3796 valde
2485 3730 3071 3797 commendabatur.
3159 3732 3267 3796 De
3321 3727 3635 3817 singulari
3696 3726 3970 3793 fiduciae
4014 3725 4205 3793 docu-

831 3858 1086 3933 ment0,
1152 3849 1327 3937 quod
1370 3847 1756 3915 Numantini
1808 3844 2070 3910 Tiberio
2126 3842 2470 3929 dederunt,
2536 3836 2701 3909 'vide
2760 3843 2930 3931 apud
2973 3843 3302 3910 Plutarch.
3365 3841 3513 3908 Tib.
3558 3842 3619 3906 6.
3741 3839 3933 3905 Hanc
3991 3848 4205 3905 autem

830 3984 1058 4051 pacem
1103 3971 1175 4027 ut
1201 3962 1444 4051 populo
1466 3961 1767 4027 Romano
1812 3956 2150 4044 indignam
2194 3966 2454 4022 senatus
2496 3965 2702 4021 ratam
2748 3979 2889 4022 esse
2931 3957 3154 4040 vetuit,
3199 3954 3502 4020 nimirum
3550 3953 3867 4019 maiorum
3912 3953 4208 4039 exempla

831 4074 1154 4159 imitatus,
1237 4097 1435 4163 quum
1490 4073 1627 4162 ipse
1683 4095 1722 4137 a
1766 4069 1982 4160 prisca
2041 4069 2157 4134 illa
2213 4069 2537 4157 gravitate
2593 4079 2657 4134 et
2698 4070 2935 4135 virtute
2976 4069 3173 4157 plane
3217 4065 3608 4133 descivisset.
3759 4063 4055 4147 Etenim,
4136 4072 4207 4128 ut

833 4186 1006 4276 apud
1049 4186 1428 4253 Sallustium
1483 4183 1760 4273 legimus
1815 4181 1896 4247 de
1965 4181 2116 4246 bell.
2176 4181 2224 4248 J
2227 4181 2487 4269 ugurth.
2532 4182 2646 4265 41,
2732 4180 3188 4269 gravissimum
3257 4180 3485 4245 harum
3550 4200 3766 4244 rerum
3840 4185 4204 4259 auctorem,

829 4323 1185 4389 paucorum
1245 4298 1508 4365 arbitrio
1567 4308 1704 4363 tum
1761 4294 1917 4361 belli
1976 4293 2278 4382 domique
2333 4294 2741 4382 agitabatur:
2812 4315 3011 4383 penes
3066 4291 3324 4358 eosdem
3383 4290 3734 4371 aerarium,
3810 4287 4205 4378 provinciae,

828 4414 1242 4501 magistratus
1262 4462 1281 4496 ,
1347 4411 1598 4498 gloriae
1640 4406 2078 4496 triumphique
2122 4416 2325 4473 erant.
2438 4406 2603 4473 Cum
2660 4406 2957 4494 potentia
2997 4404 3272 4471 avaritia
3325 4404 3465 4469 sine
3522 4401 3715 4468 modo
3761 4400 4207 4488 modestiaque

828 4524 1169 4610 invadet-03
1228 4524 1522 4613 polluere
1565 4532 1630 4588 et
1670 4530 1930 4588 vastare
1974 4520 2224 4605 omnia3
2290 4520 2453 4585 nihil
2497 4520 2679 4609 pensi
2719 4542 2932 4607 neque
2976 4518 3181 4585 sancti
3223 4517 3492 4599 habere,
3559 4514 3773 4604 quoad
3819 4523 4024 4580 semet
4062 4513 4208 4601 ipsa

829 4637 1318 4727 praecipitavit3
1402 4636 1484 4701 cf.
1531 4633 1816 4701 eiusdem
1863 4630 2193 4720 scriptoris
2251 4631 2331 4697 de
2372 4632 2525 4698 bell.
2569 4632 2617 4699 J
2619 4632 2879 4721 ugurtb.
2924 4634 3025 4713 31,
3084 4640 3148 4695 et
3198 4653 3280 4695 ex
3321 4627 3703 4715 fragmentis
3746 4626 3952 4693 Macri
3995 4623 4208 4691 Licini

825 4749 974 4817 trib.
1017 4751 1107 4838 pl.
1153 4748 1532 4815 orationem.

1075 4860 1406 4950 Quidquid
1451 4870 1664 4925 autem
1709 4858 1789 4925 de
1830 4869 2059 4925 senatu
2073 4857 2374 4924 Romano
2416 4856 2794 4941 iudicamus,
2839 4856 2950 4944 qui
2990 4856 3158 4921 hanc
3197 4876 3426 4944 pacem
3452 4850 3859 4941 improbavit,
3904 4848 4205 4915 Tiberius

828 4974 1086 5065 quidem
1160 4975 1350 5063 culpa
1422 4975 1513 5038 ita
1583 4972 1706 5038 fuit
1763 4995 2034 5056 vacuus,
2122 4978 2196 5035 ut
2265 4971 2533 5035 summis
2588 4970 2802 5058 potius
2859 4967 3156 5034 laudibus
3212 4966 3449 5054 dignus
3526 4974 3716 5031 esset.
3842 4960 3999 5027 Fuit
4052 4980 4207 5026 sane

823 5088 895 5153 in
963 5087 1330 5155 auctoribus
1392 5085 1580 5153 huius
1635 5084 1946 5169 foederis,
2063 5083 2180 5150 sed
2241 5092 2588 5171 propterea
2642 5080 2814 5170 quod
2872 5079 3257 5148 Numantini
3332 5077 3455 5145 soli
3522 5076 3711 5142 buius
3782 5070 4206 5141 adolescentis
