4706 6078
2169 580 2222 660 9

2280 697 2396 706 -n—-n—

503 816 674 887 filios
715 837 974 904 quoque
1018 813 1294 890 Graecis
1335 815 1538 884 literis
1579 813 1968 883 erudiendos
1987 833 2250 888 curasse
2275 836 2395 902 pes·
2422 834 2495 880 se
2527 819 2729 901 patet.
2794 811 3049 886 Habuit
3086 820 3305 890 autem
3344 812 3883 901 exquisitissimos

505 950 588 1000 ex
615 925 894 996 Graecis
931 927 1306 1015 magistros,
1347 952 1624 1018 quornm
1654 927 2018 1016 Diophani·
2063 925 2459 1016 Mitylenaei,
2498 924 2672 992 illius
2714 923 3029 1012 temporis
3068 922 3491 1006 differtiflflimi,
3534 934 3599 994 et
3639 925 3881 994 Blossii

501 1039 867 1129 philosophi
914 1037 1194 1111 Cumani
1227 1042 1500 1122 ⁴nomina
1539 1039 2050 1108 celebratissima
2091 1048 2277 1121 sunt,
2331 1037 2483 1104 vide
2526 1034 2665 1104 Cic.
2708 1035 2897 1104 Brut.
2938 1037 3019 1102 27
3032 1085 3056 1120 ,
3101 1036 3239 1107 104.
3339 1035 3437 1104 Ut
3475 1038 3621 1104 sola
3662 1048 3880 1108 autem

503 1161 710 1218 mater
751 1175 898 1218 cum
943 1150 1191 1218 Tiberii
1231 1161 1370 1218 tum
1426 1153 1750 1218 minorum
1805 1150 2096 1240 inprimis
2159 1151 2513 1217 liberorum
2574 1147 2945 1216 educationi
2996 1158 3361 1236 praeesset,
3424 1147 3577 1216 inde
3634 1150 3879 1218 factum

504 1273 636 1348 est,
723 1264 900 1353 quod
953 1275 1139 1353 pater
1193 1263 1532 1332 duodecim
1587 1264 1804 1332 liberis
1859 1265 2027 1332 natis
2071 1273 2326 1330 matura
2366 1271 2575 1328 morte
2638 1271 2897 1350 ereptus
2952 1270 3073 1328 est.
3198 1259 3433 1333 Paucis
3488 1261 3675 1328 mnis
3729 1273 3881 1351 post

507 1397 750 1446 annum
791 1378 918 1444 600
955 1400 1015 1444 a.
1057 1377 1146 1446 U.
1205 1376 1374 1444 diem
1417 1399 1790 1465 supremum
1841 1377 2081 1442 obiisse
2123 1399 2276 1444 eum
2329 1373 2678 1442 verisimile
2742 1383 2859 1440 est.
2959 1371 3225 1452 Quanta
3278 1381 3494 1452 autem
3534 1370 3901 1446 Corneliae.

505 1491 701 1558 fuerit
742 1489 1093 1558 liberorum
1135 1489 1374 1558 caritas
1413 1497 1480 1554 et
1521 1511 1774 1554 morum
1829 1489 2140 1556 sanctitas
2154 1537 2174 1573 ,
2231 1497 2298 1553 et
2356 1487 2563 1552 multa
2620 1484 2749 1552 alia
2802 1485 2989 1552 nobis
3030 1486 3315 1574 probant
3366 1495 3433 1551 et
3471 1485 3621 1552 inde
3662 1494 3881 1574 potest

506 1603 764 1690 colligi,
820 1602 992 1690 quod
1049 1611 1277 1692 postea
1333 1599 1856 1670 honestissimam
1917 1611 1983 1668 et
2025 1598 2611 1690 splendidissimam
2651 1597 3013 1668 Ptolemaei
3068 1598 3247 1686 regis
3290 1597 3605 1686 Aegyptii
3660 1597 3879 1664 condi·

507 1717 753 1782 tionem
798 1724 1140 1802 aspernata
1195 1724 1314 1782 est.
1439 1711 1658 1778 Huius
1707 1713 1910 1800 igitur
1970 1713 2199 1780 matris
2241 1721 2310 1778 et
2347 1710 2575 1777 talium
2616 1720 3108 1800 praeceptorum
3148 1709 3552 1779 institutione
3596 1708 3881 1779 Gracchi

507 1827 609 1894 usi
649 1835 818 1896 sunt.
904 1826 1069 1892 Inde
1109 1825 1252 1894 fieri
1292 1849 1424 1894 non
1467 1825 1699 1913 potuit,
1746 1825 1902 1912 quin
1942 1824 2244 1892 Tiberius
2285 1825 2531 1914 optimo
2575 1823 2839 1911 ingenio
2882 1817 3237 1910 praeditus,
3284 1845 3323 1887 a
3364 1822 3881 1910 praeclarissima

511 1949 716 2005 matre
761 1948 824 2004 et
865 1938 1280 2005 nobilissimis
1322 1939 1496 2004 illius
1539 1938 1847 2026 temporis
1887 1937 2288 2027 philosophis
2333 1946 2399 2004 et
2440 1936 2803 2007 rhetoribus
2843 1935 3195 2019 institutus,
3236 1935 3451 2021 gentis
3492 1957 3650 2000 suae
3692 1935 3881 2022 quasi

507 2051 862 2118 hereditate
910 2050 996 2116 ad
1035 2051 1442 2118 clementiam
1487 2060 1552 2117 et
1593 2050 2058 2118 humanitatem
2102 2049 2497 2126 destinatus,
2554 2048 2679 2114 viri
2732 2047 2967 2116 summi
3008 2046 3304 2113 Africani
3349 2045 3454 2112 avi
3496 2044 3596 2113 sui
3638 2069 3877 2112 memo-

507 2164 606 2230 ria
645 2162 730 2229 ad
769 2185 1056 2232 summas
1094 2186 1200 2230 res
1242 2164 1560 2252 gerendas
1604 2164 1942 2247 incitatus,
2005 2163 2138 2228 iam
2176 2185 2340 2250 puer
2384 2161 2669 2228 animum
2711 2160 2796 2226 ad
2834 2158 3299 2249 rempublicam
3340 2157 3881 2228 animadverteret

509 2285 575 2344 et
615 2276 754 2364 ipse
795 2274 1114 2342 maiorum
1156 2276 1364 2344 instar
1405 2300 1620 2344 rerum
1663 2287 1992 2365 gestarum
2034 2275 2226 2341 lau'de
2267 2274 2499 2342 florere
2540 2283 2822 2362 cuperet.

757 2386 1190 2455 Consentiunt
1240 2389 1310 2454 in
1364 2389 1488 2455 hac
1525 2411 1597 2455 re
1640 2411 1773 2454 non
1816 2387 2008 2453 modo
2066 2387 2439 2454 laudatores
2496 2385 2611 2452 sed
2666 2385 2863 2452 etiam
2918 2385 3384 2454 obtrectatores
3431 2381 3880 2451 Gracchorum

512 2499 848 2566 Tiberium
879 2501 1023 2588 jam
1067 2499 1618 2567 adolescentulum
1661 2501 1863 2566 multo
1909 2522 2133 2565 omnes
2176 2500 2487 2588 aequales
2528 2520 2868 2587 superasse
2910 2515 3044 2563 non
3084 2495 3277 2562 modo
3320 2496 3603 2583 ingenii,
3648 2495 3881 2564 doetri-

506 2633 660 2695 nae,
721 2613 1130 2700 eloquentiae
1170 2612 1550 2696 virtutibus,
1618 2613 1733 2678 sed
1769 2635 2026 2678 morum
2068 2612 2262 2678 etiam
2305 2612 2649 2680 sanctitate
2692 2620 2759 2675 et
2802 2608 3119 2696 singulari
3160 2607 3481 2676 modestia
3536 2618 3603 2674 et
3656 2609 3881 2676 huma-

507 2725 731 2792 nitate.
859 2724 1114 2792 Harum
1169 2725 1480 2792 virtutum
1540 2725 1840 2792 laudibus
1899 2725 2284 2812 scriptorum
2343 2733 2636 2792 veterum
2691 2721 2839 2788 libri
2892 2721 3114 2788 referti
3166 2731 3353 2807 sunt3
3417 2722 3567 2788 vide
3622 2731 3883 2809 praeter

508 2837 928 2904 Plutarchum
972 2834 1183 2904 Cicer.
1227 2837 1312 2903 de
1353 2837 1596 2904 invent.
1640 2838 1710 2922 Ι,
1747 2839 1790 2902 4
1803 2887 1823 2922 ,
1865 2839 1940 2923 53
1986 2859 2114 2925 quo
2157 2837 2300 2903 loco
2347 2835 2631 2904 Gracchi
2672 2855 2819 2901 cum
2858 2834 2935 2900 iis
2977 2843 3485 2922 componuntur,
3536 2834 3605 2900 in
3648 2835 3879 2923 quibas

509 2959 650 3018 erat
687 2974 944 3017 summa
981 2949 1189 3018 virtus
1229 2959 1296 3016 et
1335 2973 1588 3018 summa
1627 2950 1866 3016 virtute
1907 2949 2300 3037 amplificata
2343 2948 2692 3016 auctoritas
2756 2956 2827 3012 et
2835 2995 2861 3030 ,
2908 2969 3076 3034 quae
3116 2947 3221 3014 his
3261 2949 3455 3013 rebus
3497 2955 3880 3014 ornamento

507 3074 576 3131 et
627 3065 722 3131 rei
775 3062 1076 3152 publicae
1129 3062 1454 3153 praesidio
1510 3074 1708 3147 esset,
1770 3062 2172 3152 eloquentia3
2237 3060 2318 3128 de
2376 3072 2537 3129 orat.
2584 3060 2654 3144 I,
2699 3062 2773 3145 9,
2814 3060 2931 3145 383
3001 3058 3186 3128 Brut.
3234 3059 3351 3143 27,
3400 3060 3553 3144 1033
3610 3059 3879 3127 Tuscul.

507 3177 672 3265 disp.
719 3175 788 3259 Ι,
833 3178 906 3259 3,
949 3176 1024 3261 53
1082 3175 1162 3241 de
1223 3176 1372 3264 lege
1415 3198 1632 3265 agi-ar.
1679 3175 1788 3261 H,
1838 3177 1942 3261 12,
1987 3177 2100 3262 313
2161 3174 2246 3241 de
2283 3174 2547 3263 harusp.
2601 3196 2772 3261 resp.
2822 3174 2931 3256 19,
2973 3172 3077 3237 41.
3161 3171 3385 3239 Etiam
3426 3171 3715 3239 Velleius
3756 3172 3882 3239 Pan·

507 3290 792 3357 terculus
808 3339 826 3372 ,
885 3288 1001 3377 qui
1043 3286 1191 3354 Tib.
1242 3288 1429 3355 factis
1485 3289 1620 3355 suis
1661 3288 2127 3375 rempublicam
2167 3287 2534 3353 Romanam
2576 3286 2645 3351 in
2696 3294 3122 3374 praeruptum
3172 3293 3371 3373 atque
3422 3306 3661 3374 anceps
3713 3284 3881 3374 peri·

509 3402 728 3469 culum
771 3399 1118 3467 adduxisse
1155 3400 1395 3468 iudicet
1407 3450 1426 3485 ‚
1470 3400 1618 3467 Tib.
1661 3400 1934 3469 virtutes
1977 3400 2342 3487 singulares
2382 3398 2649 3467 summis
2692 3398 2992 3468 laudibus
3045 3398 3207 3483 fert3
3271 3396 3433 3463 haee
3494 3397 3666 3465 enim
3728 3406 3883 3465 sunt

511 3514 649 3580 eius
691 3513 894 3579 verba
933 3512 1004 3579 in
1045 3512 1268 3581 histor.
1311 3514 1590 3582 Roman.
1635 3512 1712 3579 II
1729 3562 1748 3596 ,
1792 3516 1866 3598 2,
1916 3516 1940 3577 1
1977 3536 1994 3579 z
2080 3512 2383 3579 Tiberius
2428 3510 2797 3596 Gracchus,
2858 3509 3202 3578 clarissimi
3264 3519 3462 3598 atque
3503 3509 3882 3577 eminentis-

510 3626 657 3693 simi
696 3625 824 3691 viri
861 3625 1032 3693 filius
1048 3676 1066 3709 ,
1150 3625 1228 3692 P.
1272 3624 1567 3691 Afficani
1628 3647 1711 3693 ex
1753 3624 1890 3693 filia
1928 3647 2164 3714 nepos,
2251 3648 2381 3713 quo
2440 3634 2785 3714 quaestore
2827 3634 2893 3691 et
2936 3632 3197 3691 auctore
3250 3620 3479 3688 foedus
3538 3621 3882 3690 Numanti-

508 3763 668 3805 num
720 3739 920 3805 ictum
961 3746 1102 3804 erat
1115 3788 1134 3822 ,
1205 3760 1380 3804 nune
1436 3738 1723 3825 graviter
1774 3737 1988 3803 ferens
2053 3736 2300 3825 aliquid
2339 3756 2383 3805 a
2423 3760 2495 3805 se
2548 3745 2817 3825 pactum
2862 3736 3175 3807 infirmari
3189 3784 3209 3821 ,
3272 3758 3447 3803 nune
3509 3735 3735 3801 similis
3775 3734 3883 3811 vel

508 3851 706 3918 iudici
743 3852 852 3917 vel
891 3872 1139 3939 poenae
1181 3860 1476 3918 metuens
1521 3849 1894 3935 discrimen,
1937 3850 2231 3916 tribunus
2273 3848 2483 3938 plebi-s
2544 3859 2831 3933 creatus,
2885 3848 2987 3914 vir
3043 3847 3372 3936 alio-qui
3428 3846 3603 3913 vita
3658 3846 3881 3911 inno-

509 3964 1084 4046 centissimus,
1127 3962 1470 4051 ingenio
1526 3962 2224 4046 florentissimus,
2265 3962 2691 4051 proposito
2748 3960 3372 4043 sanctissimus,
3428 3959 3695 4025 tantis
3750 3956 3883 4023 de-

507 4077 760 4165 nique
825 4075 1270 4141 adornatus
1353 4075 1854 4159 virtutibus,
1935 4086 2294 4163 quantas
2368 4076 2761 4162 perfecta
2824 4084 2903 4140 et
2964 4083 3262 4139 natura
3322 4083 3401 4139 et
3463 4070 3883 4139 industria

508 4188 880 4255 mortalis
938 4186 1308 4254 conditio
1365 4188 1698 4276 recipit,
1753 4186 2021 4253 descivit
2064 4212 2105 4254 a
2143 4186 2350 4253 bonis.

735 4299 1170 4388 Eloquentiae
1187 4300 1470 4366 maxime
1495 4298 1828 4367 Gracchos
1857 4298 2178 4367 studuisse
2199 4299 2467 4388 eiusque
2510 4298 2701 4368 laude
2740 4306 2999 4386 praeter
3040 4306 3289 4365 ceteros
3331 4296 3643 4379 floruisse,
3686 4295 3786 4361 ita
3808 4302 3883 4361 ut

512 4410 720 4479 Gaius
763 4412 1032 4479 summis
1060 4412 1422 4479 oratoribus
1455 4411 1772 4479 Romanis
1804 4422 2356 4495 annumeraretur,
2402 4436 2439 4479 a
2471 4410 2901 4478 Mommsenio
2932 4411 3124 4477 etiam
3151 4409 3451 4499 princeps
3470 4407 3881 4492 iudicaretur,

508 4546 701 4589 nemo
741 4524 1034 4612 ignorat3
1079 4523 1190 4591 ssd
1236 4524 1570 4592 Tiberium
1615 4548 1874 4614 quoque
1915 4525 2158 4615 insigni
2199 4524 2609 4614 eloquentiae
2650 4522 2843 4590 laude
2884 4524 3197 4600 valuisse,
3239 4531 3563 4589 testantur
3606 4520 3675 4586 hi
3715 4520 3879 4587 locis

511 4633 717 4702 Cicer.
762 4636 846 4701 ad
885 4637 1175 4703 Herenn.
1221 4637 1343 4721 IV,
1387 4641 1463 4723 5,
1506 4641 1579 4723 ’ῖς
1621 4638 1926 4721 Brut.25‚
1981 4636 2096 4723 963
2153 4637 2269 4722 86,
2324 4637 2484 4721 2963
2542 4637 2667 4719 97,
2717 4636 2872 4720 3333
2937 4635 3169 4702 Vellei.
3224 4634 3477 4701 Patere.
3522 4632 3595 4716 Ι,
3656 4636 3765 4718 17,
3806 4633 3880 4716 33

509 4746 618 4831 ΙΙ,
659 4748 699 4812 2
745 4757 810 4813 et
851 4747 960 4832 ΙΙ,
1004 4751 1076 4833 9,
1126 4755 1195 4835 1;
1253 4749 1431 4816 Flor.
1476 4750 1626 4834 ΙΙΙ,
1677 4752 1784 4835 14;
1845 4747 2112 4827 Quintil.
2157 4750 2360 4817 instit.
2404 4759 2565 4816 orat.
2610 4748 2718 4832 II,
2764 4749 2835 4832 53
2881 4745 3091 4831 VIII,
3135 4747 3209 4831 63
3250 4746 3435 4830 ΧΠ,
3478 4746 3575 4811 10.

757 4857 986 4938 Qualis
1031 4872 1248 4929 autem
1269 4861 1514 4929 Tiberii
1562 4864 1759 4929 fuerit
1799 4863 2176 4952 eloquentia
2215 4872 2282 4929 et
2303 4886 2435 4951 qua
2453 4861 2861 4951 potissimum
2901 4868 3087 4951 parte
3130 4882 3170 4925 a
3191 4856 3325 4925 Gai
3365 4858 3584 4925 fratris
3606 4856 3879 4940 diversa,

507 4994 656 5039 cum
715 4994 800 5039 ex
855 4973 999 5039 aliis
1058 4974 1494 5064 scriptoribus·
1545 4984 1686 5042 tum
1741 4996 1824 5041 ex
1877 4974 2228 5042 Plutarcho
2298 4974 2775 5063 cognoscimus.
2877 4970 3179 5039 Tiberius
3232 4970 3407 5037 enim
3458 4970 3528 5037 in
3578 4970 3763 5036 vultu
3815 4976 3883 5035 et

509 5085 796 5152 motibus
847 5084 1142 5174 placidus
1196 5095 1262 5151 et
1315 5086 1492 5153 mitis
1549 5086 1764 5156 simile
1812 5086 2016 5153 etiam·
2063 5088 2473 5176 eloquentiae
2529 5108 2737 5174 genus
2795 5106 2953 5174 prae
2995 5106 3068 5151 se
3108 5082 3291 5168 tulit,
3359 5080 3426 5148 id
3468 5090 3619 5149 ante
3662 5079 3885 5147 omnia
