4706 6078
2450 613 2545 692 22

801 850 1071 916 alteram
1121 848 1202 914 de
1246 847 1504 914 Octavii
1545 847 1952 914 abdicatione
1991 847 2392 936 perlaturum
2449 869 2589 913 esse
2649 845 3027 912 minantem.
3112 842 3454 932 Appianas
3509 843 3709 932 igitur
3752 846 3967 912 omnia
4007 847 4171 914 haec

803 962 1054 1028 duobus
1112 959 1386 1026 comitiis
1443 960 1734 1026 confecta
1791 983 1932 1027 esse
1989 969 2232 1026 narrat.
2315 957 2650 1024 Plutarchi
2706 956 2990 1022 narratio
3046 965 3121 1021 ut
3176 955 3381 1023 multo
3435 957 3755 1044 copiosior
3807 957 3903 1024 ita
3956 959 4168 1025 minus

803 1073 1084 1140 dilucida
1127 1081 1242 1138 est.
1329 1072 1460 1138 Hic
1500 1073 1669 1138 enim
1713 1094 1849 1138 rem
1890 1072 2084 1138 variis
2128 1070 2582 1138 certaminibus
2624 1069 2691 1134 in
2747 1068 3108 1157 complures
3150 1067 3289 1135 dies
3332 1067 3707 1134 distractam
3748 1091 3891 1136 esse
3932 1071 4167 1159 prodit.

681 1187 686 1200 '
801 1185 1009 1252 Addit
1048 1183 1436 1251 Plutarchus
1499 1182 1832 1250 Tiberium
1851 1233 1872 1265 ,
1959 1183 2134 1271 quod
2189 1184 2401 1272 ipsum
2461 1181 2807 1248 Octavium
2860 1181 3009 1267 lege
3051 1181 3311 1268 agraria
3350 1203 3657 1268 magnam
3698 1181 3795 1247 rei
3836 1183 4170 1250 familiaris

802 1306 1055 1386 partem
1119 1296 1500 1362 amissurum
1565 1318 1706 1361 esse
1767 1295 2032 1361 videbat
2052 1345 2071 1379 ,
2168 1295 2227 1360 ei
2284 1318 2358 1361 se
2409 1294 2688 1384 pretium
2746 1293 2883 1358 eius
2949 1315 3226 1381 aequum
3289 1315 3372 1358 ex
3426 1293 3557 1358 suis
3613 1294 3805 1359 rebus
3874 1296 4170 1382 quamvis

803 1408 1104 1474 tenuibus
1146 1406 1544 1473 redditurum
1599 1407 1989 1494 promisisse.
2075 1408 2268 1473 Hanc
2325 1429 2583 1495 quoque
2636 1403 3104 1487 conditionem,
3162 1414 3235 1471 ut
3272 1405 3373 1470 fas
3416 1415 3586 1488 erat,
3652 1429 3797 1472 cum
3840 1417 4172 1496 respueret

803 1520 1147 1603 Octavius,
1203 1519 1571 1601 Tiberium,
1613 1519 1990 1607 priusquam
2036 1519 2116 1585 de
2155 1521 2302 1606 lege
2345 1541 2463 1584 sua
2504 1517 2817 1604 suffragia
2858 1518 2993 1583 lata
3034 1526 3281 1600 essent,
3325 1516 3812 1604 magistratibus
3854 1541 3938 1584 ne
3978 1541 4173 1608 pecu·-

802 1634 977 1698 niam
1023 1655 1105 1697 ex
1161 1631 1407 1696 aerario
1464 1631 1918 1719 depromerent
1969 1630 2411 1713 interdixisse,
2482 1627 2747 1696 Saturni
2788 1629 3029 1717 templo
3072 1629 3360 1716 sigillum
3402 1630 3812 1718 imposuisse,
3876 1653 3959 1697 ne
4014 1631 4170 1720 quid

803 1754 1178 1834 quaestores
1235 1742 1384 1809 inde
1445 1743 1776 1808 demerent
1817 1766 1978 1809 neve
2021 1767 2096 1810 eo
2139 1743 2485 1828 inferrent3
2570 1741 2802 1807 deinde
2845 1741 2900 1807 si
2943 1741 3087 1829 quis
3128 1739 3547 1828 magistratus
3589 1765 3721 1808 non
3764 1742 4170 1827 obedivisset,

801 1879 1077 1945 poenam
1121 1855 1190 1920 in
1233 1879 1380 1922 eum
1423 1855 1862 1938 constituisse,
1947 1865 2020 1921 ut
2081 1877 2302 1921 omnes
2356 1854 2545 1920 huius
2602 1863 2779 1919 metu
2833 1853 3230 1940 provinciam
3286 1852 3409 1918 sibi
3452 1853 3734 1920 delatam
3774 1855 4167 1922 omitterent.

801 1968 927 2034 His
973 1977 1187 2033 autem
1229 1967 1422 2033 rebus
1467 1967 1694 2033 divites
1738 1967 1898 2033 adeo
1943 1990 2084 2034 esse
2126 1968 2477 2057 perculsos,
2519 1976 2593 2031 ut
2632 1965 2895 2031 mutatis
2937 1965 3225 2030 vestibus
3268 1966 3589 2053 supplices
3630 1967 3698 2032 in
3740 1967 3951 2034 forum
3980 1969 4168 2054 irent,

804 2079 1068 2146 Tiberio
1135 2077 1403 2145 insidias
1459 2088 1783 2146 struerent
1841 2101 2382 2168 percussoresque
2436 2078 2505 2143 in
2548 2100 2695 2144 eum
2738 2075 3204 2161 conducerent3
3288 2099 3451 2166 quos
3511 2087 3583 2143 ut
3638 2089 3897 2146 caveret
3950 2081 4169 2169 palam

803 2191 1140 2257 Tiberium
1185 2191 1318 2258 sica
1371 2214 1440 2257 se
1500 2215 1800 2257 armasse.
1887 2191 2142 2257 Deinde
2186 2213 2386 2278 quum
2430 2189 2659 2255 divites
2700 2190 2879 2255 vario
2922 2189 3115 2254 modo
3160 2187 3494 2255 Tiberium
3556 2190 3899 2278 prohibere
3956 2193 4170 2260 conati

804 2314 1040 2387 essent,
1085 2325 1212 2391 quo
1255 2303 1468 2368 minus
1509 2303 1984 2370 multitudinem
2029 2301 2109 2368 ad
2153 2301 2466 2390 suffragia
2513 2300 2781 2368 ferenda
2820 2302 3134 2384 mitteret,
3189 2301 3533 2367 multitudo
3580 2313 3795 2369 autem
3836 2303 4171 2372 Tiberium

810 2415 1198 2481 circumfusa
1256 2413 1338 2478 ad
1405 2415 1533 2481 vim
1589 2439 1658 2481 se
1713 2424 2026 2498 verteret,
2100 2414 2166 2479 in
2229 2413 2353 2479 hoc
2409 2414 2609 2502 igitur
2674 2413 3040 2480 discrimine
3094 2412 3249 2478 dicit
3309 2412 3695 2480 Plutarchus
3750 2416 4048 2484 Mallium
4106 2426 4171 2484 et

803 2526 1108 2593 Fulvium
1128 2577 1147 2610 ,
1205 2527 1378 2592 viros
1424 2529 1824 2610 consulares,
1891 2527 2224 2593 Tiberium
2269 2549 2486 2592 orasse
2530 2535 2595 2592 et
2637 2527 3041 2608 obsecrasse,
3102 2535 3179 2590 ut
3219 2525 3314 2590 rei
3357 2526 3691 2592 arbitrium
3736 2530 3988 2595 senatui
4029 2553 4171 2618 per-

805 2639 1108 2705 mitteret.
1197 2639 1554 2706 Etiamtum
1613 2640 1936 2728 accepisse
1977 2639 2310 2706 Tiberium
2372 2638 2825 2704 conditionem.
2926 2636 3124 2703 Haud
3187 2661 3459 2724 parvum
3523 2639 3646 2705 hoc
3708 2641 4171 2710 moderationis

809 2750 1266 2817 documentum
1324 2752 1478 2833 fuit,
1563 2752 1802 2841 quippe
1847 2752 1958 2840 qui
2002 2753 2129 2818 iam
2173 2764 2365 2819 antea
2406 2753 2472 2819 in
2518 2760 2747 2818 senatu
2788 2760 3041 2837 turpem
3107 2749 3620 2818 adversariorum
3682 2754 4049 2842 superbiam
4109 2766 4175 2821 et

804 2862 1307 2930 obstinationem
1353 2875 1654 2953 expertus
1719 2874 1906 2930 esset.
1995 2862 2162 2930 Cum
2219 2874 2433 2931 autem
2490 2865 2719 2930 iterum
2774 2864 2842 2928 in
2899 2871 3162 2945 senatu,
3244 2862 3313 2928 in
3378 2886 3506 2951 quo
3566 2864 3915 2932 adversarii
3970 2891 4173 2956 quum

803 2977 1023 3067 plures
1079 2985 1295 3042 essent
1351 2977 1512 3042 nihil
1573 2977 1762 3065 aequi
1820 2976 2042 3043 audire
2124 2977 2399 3061 vellent,
2484 2999 2615 3043 non
2680 2974 2873 3043 modo
2944 2997 3076 3039 non
3134 2973 3464 3043 audiretur
3540 2976 3650 3043 sed
3724 2977 4173 3067 indignissime

805 3087 1186 3155 irrideretur
1249 3099 1315 3155 et
1375 3090 1786 3173 illuderetur,
1885 3098 2020 3155 tum
2091 3088 2350 3156 demum
2418 3088 2733 3179 patientia
2802 3089 2937 3155 eius
3008 3087 3325 3152 exstincta
3394 3088 3555 3155 iram
3628 3098 3822 3177 atque
3886 3092 4171 3159 furorem

800 3200 1220 3290 occupavisse
1260 3202 1560 3267 iuvenem
1601 3201 2207 3290 praeclarissimum.
2294 3198 2407 3267 Sic
2445 3202 2647 3290 igitur
2686 3203 2931 3268 factum
2974 3212 3103 3286 est,
3186 3212 3259 3269 ut
3318 3226 3515 3291 quum
3558 3226 3676 3291 pro
3722 3203 4167 3272 ardentissimo

800 3314 1051 3403 patriae
1113 3336 1331 3380 amore
1397 3314 1784 3403 optimisque
1839 3312 2122 3379 consiliis
2192 3314 2492 3379 omnibus
2558 3314 3053 3403 indignitatibus
3120 3316 3510 3399 afficeretur,
3596 3338 3635 3379 a
3688 3326 3868 3382 recta
3920 3318 4029 3383 via
4086 3317 4168 3383 ad

803 3426 1073 3494 consilia
1128 3425 1412 3491 violenta
1475 3446 1787 3515 praeceps
1850 3434 2086 3491 rueret.
2185 3425 2379 3505 Quod
2434 3427 2607 3493 enim
2663 3429 2879 3495 animo
2924 3427 3197 3515 agitavit
3236 3439 3310 3494 ut
3352 3428 3643 3515 collegae
3664 3477 3683 3511 ‚
3767 3430 3823 3493 si
3866 3430 4167 3497 interces—

803 3537 984 3604 sione
1025 3539 1243 3625 legem
1284 3535 1593 3626 impedire
1635 3546 1955 3625 pergeret,
1999 3560 2232 3604 munus
2277 3539 2644 3628 abrogaret,
2687 3562 2820 3604 non
2862 3539 2999 3605 iure
3042 3539 3155 3605 sed
3198 3540 3264 3605 vi
3311 3548 3523 3605 actum
3566 3550 3684 3605 est.
3761 3540 3907 3606 Hoc
3952 3552 4169 3610 autem

803 3649 1172 3738 exemplum
1231 3672 1484 3715 summa
1539 3646 1925 3715 detrimenta
1979 3648 2373 3738 reipublicae
2430 3649 2659 3717 attulit.
2746 3650 2919 3729 Quid
2982 3653 3154 3718 enim
3194 3652 3490 3717 tribunus
3531 3652 3738 3739 plebis
3782 3676 3822 3718 a
3864 3653 4057 3741 plebe
4096 3655 4168 3721 in

804 3762 1220 3828 concionibus
1279 3760 1666 3827 circumfusa
1717 3784 1851 3827 non
1905 3763 2120 3851 potuit
2176 3762 2567 3851 impetrare?
2652 3762 2819 3829 Inde
2872 3764 3075 3851 igitur
3130 3763 3212 3829 ab
3266 3764 3379 3829 illo
3436 3773 3727 3853 tempore
3784 3766 4169 3832 concionum

801 3873 1131 3940 temeritas
1175 3872 1488 3961 quidquid
1531 3872 1656 3939 sibi
1696 3872 1765 3938 in
1807 3875 2078 3939 buccam
2119 3874 2403 3941 venisset
2444 3884 2559 3941 aut
2598 3875 3083 3942 decernentium
3128 3886 3241 3942 aut
3286 3875 3737 3963 abrogantium
3764 3878 4169 3965 perturbavit

803 3986 1266 4073 rempublicam
1331 3986 1455 4070 ita,
1540 3994 1613 4051 ut
1669 3984 1908 4051 diutius
1966 3996 2137 4051 stare
2193 4009 2324 4053 non
2388 3997 2629 4076 posset.
2760 3986 3095 4055 Gracchus
3156 3996 3371 4054 autem
3426 3988 3613 4075 quasi
3668 3987 3927 4075 signum
3990 3989 4169 4056 dedit

802 4096 1034 4163 harum
1063 4097 1579 4163 turbulentarum
1609 4098 1990 4164 concionum
2035 4099 2156 4164 etsi
2197 4101 2463 4183 nolens3
2504 4099 2655 4165 vide
2697 4097 2922 4166 Aurel.
2967 4100 3139 4167 Vict.
3186 4100 3266 4167 de
3307 4100 3426 4166 vir.
3472 4100 3702 4167 illustr.
3732 4102 3846 4166 64:
3893 4101 4166 4169 Octavio

803 4207 1062 4297 collega
1123 4207 1562 4275 intercedente
1617 4232 1787 4275 novo
1843 4212 2138 4300 exemplo
2195 4215 2652 4298 magistratum
2709 4212 3080 4300 abrogavit3
3166 4211 3343 4278 Flor.
3390 4211 3502 4277 III
3518 4262 3537 4297 ‚
3600 4213 3710 4277 14:
3795 4214 3931 4282 Ubi
3973 4214 4167 4281 iuter-

804 4318 1138 4386 cedentem
1183 4320 1438 4407 legibus
1495 4320 1628 4387 suis
1673 4320 1962 4388 Gnaeum
2004 4321 2350 4390 Octavium
2390 4321 2568 4388 videt
2610 4320 2977 4408 Gracchus,
3064 4334 3288 4390 contra
3342 4324 3441 4391 fas
3484 4324 3775 4412 collegii,
3844 4327 3943 4393 ius
3986 4336 4168 4415 pote-

803 4432 1009 4515 statis,
1050 4431 1288 4499 iniecta
1327 4455 1544 4516 manu,
1589 4432 1836 4521 depulit
1874 4433 2121 4518 rostris,
2166 4432 2456 4522 adeoque
2495 4434 2822 4522 praesenti
2863 4444 3037 4502 metu
3079 4434 3305 4502 mortis
3349 4435 3694 4520 deterruit,
3752 4448 3825 4504 ut
3868 4438 4168 4505 abdicare

805 4565 874 4609 se
919 4545 1304 4630 magistratu
1363 4554 1724 4632 cogeretur.
1808 4543 2108 4611 Tiberius
2161 4545 2394 4634 igitur,
2461 4546 2635 4634 quod
2692 4546 3208 4614 adversariorum
3260 4546 3601 4636 iniquitate
3642 4572 3760 4637 per
3801 4550 3982 4639 leges
4024 4574 4167 4642 per-

804 4654 997 4721 ficere
1061 4656 1470 4743 nequiverat,
1557 4657 1684 4721 iam
1739 4680 1854 4745 per
1909 4658 2042 4722 vim
2084 4667 2148 4723 et
2189 4659 2505 4746 neglectis
2546 4658 2937 4747 reipublicae
2983 4661 3235 4749 legibus
3278 4660 3544 4749 exsequi
3584 4662 3857 4750 paravit.
3966 4662 4169 4742 Quid-

805 4767 963 4855 quid
1005 4768 1176 4833 enim
1231 4778 1298 4835 et
1338 4769 1478 4857 ipse
1521 4768 1822 4836 Tiberius
1865 4778 1930 4837 et
1966 4779 2192 4860 postea
2244 4770 2382 4835 eius
2438 4769 2805 4837 laudatores
2864 4771 2948 4837 ad
3005 4772 3476 4840 defendendum
3531 4773 3657 4839 hoc
3708 4775 3948 4840 factum
3990 4776 4167 4843 dixe·

805 4889 991 4963 runt,
1049 4879 1208 4945 nihil
1265 4882 1458 4947 valet.
1557 4881 1605 4948 J
1609 4904 1714 4945 am
1775 4882 2030 4970 legibus
2085 4883 2286 4948 semel
2341 4882 2601 4948 violatis
2657 4906 2823 4971 quae
2892 4896 3121 4973 postea
3182 4908 3397 4952 rerum
3460 4886 3843 4953 necessitate
3906 4898 4167 4955 coactus

805 4992 990 5076 fecit,
1073 5015 1268 5081 quam
1345 5003 1518 5059 recte
1585 4994 1692 5059 vel
1754 4994 1838 5059 ad
1899 4994 2176 5083 optimos
2240 4994 2533 5060 homines
2598 4994 2833 5062 Dionis
2897 4997 3100 5063 verba
3160 4998 3383 5064 referri
3443 4999 3726 5086 possint,
3813 4999 4171 5066 clarissime
